%YAML 1.1
%TAG !u! tag:unity3d.com,2011:
--- !u!114 &3332420603336485594
MonoBehaviour:
  m_ObjectHideFlags: 0
  m_CorrespondingSourceObject: {fileID: 0}
  m_PrefabInstance: {fileID: 0}
  m_PrefabAsset: {fileID: 0}
  m_GameObject: {fileID: 6682327873258444413}
  m_Enabled: 1
  m_EditorHideFlags: 0
  m_Script: {fileID: 11500000, guid: 87e32b5ac8c0c844781f8339c686513b, type: 3}
  m_Name: 
  m_EditorClassIdentifier: 
  pathController: {fileID: 4169109231392432847}
  startTrigger: {fileID: 0}
  speed: 1
  rotationalSpeed: 0
  delayStart: 0
  pathIndex: 6
  freeRotation: 0
  mode: 0
--- !u!114 &3332420603345102071
MonoBehaviour:
  m_ObjectHideFlags: 0
  m_CorrespondingSourceObject: {fileID: 0}
  m_PrefabInstance: {fileID: 0}
  m_PrefabAsset: {fileID: 0}
  m_GameObject: {fileID: 6682327872852293740}
  m_Enabled: 1
  m_EditorHideFlags: 0
  m_Script: {fileID: 11500000, guid: 87e32b5ac8c0c844781f8339c686513b, type: 3}
  m_Name: 
  m_EditorClassIdentifier: 
  pathController: {fileID: 4169109231392432847}
  startTrigger: {fileID: 0}
  speed: 1
  rotationalSpeed: 0
  delayStart: 0
  pathIndex: 10
  freeRotation: 0
  mode: 0
--- !u!114 &3332420603495949018
MonoBehaviour:
  m_ObjectHideFlags: 0
  m_CorrespondingSourceObject: {fileID: 0}
  m_PrefabInstance: {fileID: 0}
  m_PrefabAsset: {fileID: 0}
  m_GameObject: {fileID: 6682327872240390092}
  m_Enabled: 1
  m_EditorHideFlags: 0
  m_Script: {fileID: 11500000, guid: 87e32b5ac8c0c844781f8339c686513b, type: 3}
  m_Name: 
  m_EditorClassIdentifier: 
  pathController: {fileID: 4169109231392432847}
  startTrigger: {fileID: 0}
  speed: 1
  rotationalSpeed: 0
  delayStart: 0
  pathIndex: 8
  freeRotation: 0
  mode: 0
--- !u!114 &3332420603654861926
MonoBehaviour:
  m_ObjectHideFlags: 0
  m_CorrespondingSourceObject: {fileID: 0}
  m_PrefabInstance: {fileID: 0}
  m_PrefabAsset: {fileID: 0}
  m_GameObject: {fileID: 6682327872104950368}
  m_Enabled: 1
  m_EditorHideFlags: 0
  m_Script: {fileID: 11500000, guid: 87e32b5ac8c0c844781f8339c686513b, type: 3}
  m_Name: 
  m_EditorClassIdentifier: 
  pathController: {fileID: 4169109231392432847}
  startTrigger: {fileID: 0}
  speed: 1
  rotationalSpeed: 0
  delayStart: 0
  pathIndex: 3
  freeRotation: 0
  mode: 0
--- !u!114 &3332420603910656372
MonoBehaviour:
  m_ObjectHideFlags: 0
  m_CorrespondingSourceObject: {fileID: 0}
  m_PrefabInstance: {fileID: 0}
  m_PrefabAsset: {fileID: 0}
  m_GameObject: {fileID: 6682327872344327167}
  m_Enabled: 1
  m_EditorHideFlags: 0
  m_Script: {fileID: 11500000, guid: 87e32b5ac8c0c844781f8339c686513b, type: 3}
  m_Name: 
  m_EditorClassIdentifier: 
  pathController: {fileID: 4169109231392432847}
  startTrigger: {fileID: 0}
  speed: 1
  rotationalSpeed: 0
  delayStart: 0
  pathIndex: 5
  freeRotation: 0
  mode: 0
--- !u!114 &753790407211992788
MonoBehaviour:
  m_ObjectHideFlags: 0
  m_CorrespondingSourceObject: {fileID: 0}
  m_PrefabInstance: {fileID: 0}
  m_PrefabAsset: {fileID: 0}
  m_GameObject: {fileID: 1269146845481636675}
  m_Enabled: 1
  m_EditorHideFlags: 0
  m_Script: {fileID: 11500000, guid: 87e32b5ac8c0c844781f8339c686513b, type: 3}
  m_Name: 
  m_EditorClassIdentifier: 
  pathController: {fileID: 4169109231392432847}
  startTrigger: {fileID: 0}
  speed: 1
  rotationalSpeed: 0
  delayStart: 0
  pathIndex: 0
  freeRotation: 0
  mode: 0
--- !u!114 &3332420604233921669
MonoBehaviour:
  m_ObjectHideFlags: 0
  m_CorrespondingSourceObject: {fileID: 0}
  m_PrefabInstance: {fileID: 0}
  m_PrefabAsset: {fileID: 0}
  m_GameObject: {fileID: 6682327873440412825}
  m_Enabled: 1
  m_EditorHideFlags: 0
  m_Script: {fileID: 11500000, guid: 87e32b5ac8c0c844781f8339c686513b, type: 3}
  m_Name: 
  m_EditorClassIdentifier: 
  pathController: {fileID: 4169109231392432847}
  startTrigger: {fileID: 0}
  speed: 1
  rotationalSpeed: 0
  delayStart: 0
  pathIndex: 1
  freeRotation: 0
  mode: 0
--- !u!114 &3332420604257522938
MonoBehaviour:
  m_ObjectHideFlags: 0
  m_CorrespondingSourceObject: {fileID: 0}
  m_PrefabInstance: {fileID: 0}
  m_PrefabAsset: {fileID: 0}
  m_GameObject: {fileID: 6682327873858082845}
  m_Enabled: 1
  m_EditorHideFlags: 0
  m_Script: {fileID: 11500000, guid: 87e32b5ac8c0c844781f8339c686513b, type: 3}
  m_Name: 
  m_EditorClassIdentifier: 
  pathController: {fileID: 4169109231392432847}
  startTrigger: {fileID: 0}
  speed: 1
  rotationalSpeed: 0
  delayStart: 0
  pathIndex: 7
  freeRotation: 0
  mode: 0
--- !u!114 &3332420604358722239
MonoBehaviour:
  m_ObjectHideFlags: 0
  m_CorrespondingSourceObject: {fileID: 0}
  m_PrefabInstance: {fileID: 0}
  m_PrefabAsset: {fileID: 0}
  m_GameObject: {fileID: 6682327872444649179}
  m_Enabled: 1
  m_EditorHideFlags: 0
  m_Script: {fileID: 11500000, guid: 87e32b5ac8c0c844781f8339c686513b, type: 3}
  m_Name: 
  m_EditorClassIdentifier: 
  pathController: {fileID: 4169109231392432847}
  startTrigger: {fileID: 0}
  speed: 1
  rotationalSpeed: 0
  delayStart: 0
  pathIndex: 9
  freeRotation: 0
  mode: 0
--- !u!114 &3332420604569736672
MonoBehaviour:
  m_ObjectHideFlags: 0
  m_CorrespondingSourceObject: {fileID: 0}
  m_PrefabInstance: {fileID: 0}
  m_PrefabAsset: {fileID: 0}
  m_GameObject: {fileID: 6682327873830031894}
  m_Enabled: 1
  m_EditorHideFlags: 0
  m_Script: {fileID: 11500000, guid: 87e32b5ac8c0c844781f8339c686513b, type: 3}
  m_Name: 
  m_EditorClassIdentifier: 
  pathController: {fileID: 4169109231392432847}
  startTrigger: {fileID: 0}
  speed: 1
  rotationalSpeed: 0
  delayStart: 0
  pathIndex: 2
  freeRotation: 0
  mode: 0
--- !u!114 &3332420604663355684
MonoBehaviour:
  m_ObjectHideFlags: 0
  m_CorrespondingSourceObject: {fileID: 0}
  m_PrefabInstance: {fileID: 0}
  m_PrefabAsset: {fileID: 0}
  m_GameObject: {fileID: 6682327872851105215}
  m_Enabled: 1
  m_EditorHideFlags: 0
  m_Script: {fileID: 11500000, guid: 87e32b5ac8c0c844781f8339c686513b, type: 3}
  m_Name: 
  m_EditorClassIdentifier: 
  pathController: {fileID: 4169109231392432847}
  startTrigger: {fileID: 0}
  speed: 1
  rotationalSpeed: 0
  delayStart: 0
  pathIndex: 4
  freeRotation: 0
  mode: 0
--- !u!114 &3332420604815370016
MonoBehaviour:
  m_ObjectHideFlags: 0
  m_CorrespondingSourceObject: {fileID: 0}
  m_PrefabInstance: {fileID: 0}
  m_PrefabAsset: {fileID: 0}
  m_GameObject: {fileID: 6682327873168793233}
  m_Enabled: 1
  m_EditorHideFlags: 0
  m_Script: {fileID: 11500000, guid: 87e32b5ac8c0c844781f8339c686513b, type: 3}
  m_Name: 
  m_EditorClassIdentifier: 
  pathController: {fileID: 4169109231392432847}
  startTrigger: {fileID: 0}
  speed: 1
  rotationalSpeed: 0
  delayStart: 0
  pathIndex: 11
  freeRotation: 0
  mode: 0
--- !u!1 &3775070415475342007
GameObject:
  m_ObjectHideFlags: 0
  m_CorrespondingSourceObject: {fileID: 0}
  m_PrefabInstance: {fileID: 0}
  m_PrefabAsset: {fileID: 0}
  serializedVersion: 6
  m_Component:
  - component: {fileID: 4284830758149768910}
  m_Layer: 0
  m_Name: SmallRotatingStickCircle
  m_TagString: Untagged
  m_Icon: {fileID: 0}
  m_NavMeshLayer: 0
  m_StaticEditorFlags: 0
  m_IsActive: 1
--- !u!4 &4284830758149768910
Transform:
  m_ObjectHideFlags: 0
  m_CorrespondingSourceObject: {fileID: 0}
  m_PrefabInstance: {fileID: 0}
  m_PrefabAsset: {fileID: 0}
  m_GameObject: {fileID: 3775070415475342007}
  m_LocalRotation: {x: -0, y: -0, z: -0, w: 1}
  m_LocalPosition: {x: 0, y: -2.64, z: 0}
  m_LocalScale: {x: 1, y: 1, z: 1}
  m_Children:
  - {fileID: 9054697742916878867}
  - {fileID: 3497097889873749449}
  - {fileID: 3497097889492927302}
  - {fileID: 3497097891207183152}
  - {fileID: 3497097890471429359}
  - {fileID: 3497097890976535215}
  - {fileID: 3497097890061928237}
  - {fileID: 3497097889453869389}
  - {fileID: 3497097891074186908}
  - {fileID: 3497097890875793291}
  - {fileID: 3497097890460297532}
  - {fileID: 3497097890151583681}
  - {fileID: 6469019900163510899}
  m_Father: {fileID: 0}
  m_RootOrder: 0
  m_LocalEulerAnglesHint: {x: 0, y: 0, z: 0}
--- !u!1001 &3332420603387821934
PrefabInstance:
  m_ObjectHideFlags: 0
  serializedVersion: 2
  m_Modification:
    m_TransformParent: {fileID: 6469019900163510899}
    m_Modifications:
    - target: {fileID: 372690867108196953, guid: a5667812a91a4574eb04d9598e6ccee2,
        type: 3}
      propertyPath: m_LocalPosition.x
      value: -1.32
      objectReference: {fileID: 0}
    - target: {fileID: 372690867108196953, guid: a5667812a91a4574eb04d9598e6ccee2,
        type: 3}
      propertyPath: m_LocalPosition.y
      value: 4.962
      objectReference: {fileID: 0}
    - target: {fileID: 372690867108196953, guid: a5667812a91a4574eb04d9598e6ccee2,
        type: 3}
      propertyPath: m_LocalPosition.z
      value: 0
      objectReference: {fileID: 0}
    - target: {fileID: 372690867108196953, guid: a5667812a91a4574eb04d9598e6ccee2,
        type: 3}
      propertyPath: m_LocalRotation.x
      value: 0
      objectReference: {fileID: 0}
    - target: {fileID: 372690867108196953, guid: a5667812a91a4574eb04d9598e6ccee2,
        type: 3}
      propertyPath: m_LocalRotation.y
      value: 0
      objectReference: {fileID: 0}
    - target: {fileID: 372690867108196953, guid: a5667812a91a4574eb04d9598e6ccee2,
        type: 3}
      propertyPath: m_LocalRotation.z
      value: 0
      objectReference: {fileID: 0}
    - target: {fileID: 372690867108196953, guid: a5667812a91a4574eb04d9598e6ccee2,
        type: 3}
      propertyPath: m_LocalRotation.w
      value: 1
      objectReference: {fileID: 0}
    - target: {fileID: 372690867108196953, guid: a5667812a91a4574eb04d9598e6ccee2,
        type: 3}
      propertyPath: m_RootOrder
      value: 4
      objectReference: {fileID: 0}
    - target: {fileID: 372690867108196953, guid: a5667812a91a4574eb04d9598e6ccee2,
        type: 3}
      propertyPath: m_LocalEulerAnglesHint.x
      value: 0
      objectReference: {fileID: 0}
    - target: {fileID: 372690867108196953, guid: a5667812a91a4574eb04d9598e6ccee2,
        type: 3}
      propertyPath: m_LocalEulerAnglesHint.y
      value: 0
      objectReference: {fileID: 0}
    - target: {fileID: 372690867108196953, guid: a5667812a91a4574eb04d9598e6ccee2,
        type: 3}
      propertyPath: m_LocalEulerAnglesHint.z
      value: 0
      objectReference: {fileID: 0}
    - target: {fileID: 372690867108196953, guid: a5667812a91a4574eb04d9598e6ccee2,
        type: 3}
      propertyPath: m_LocalScale.x
      value: 1
      objectReference: {fileID: 0}
    - target: {fileID: 372690867108196953, guid: a5667812a91a4574eb04d9598e6ccee2,
        type: 3}
      propertyPath: m_LocalScale.y
      value: 1
      objectReference: {fileID: 0}
    - target: {fileID: 1168150142124539870, guid: a5667812a91a4574eb04d9598e6ccee2,
        type: 3}
      propertyPath: degreesToRotate
      value: -30
      objectReference: {fileID: 0}
    - target: {fileID: 1168150142124539870, guid: a5667812a91a4574eb04d9598e6ccee2,
        type: 3}
      propertyPath: overrideRotation
      value: 1
      objectReference: {fileID: 0}
    - target: {fileID: 1168150142124539870, guid: a5667812a91a4574eb04d9598e6ccee2,
        type: 3}
      propertyPath: overrideSpeed
      value: 1
      objectReference: {fileID: 0}
    - target: {fileID: 1168150142124539870, guid: a5667812a91a4574eb04d9598e6ccee2,
        type: 3}
      propertyPath: durationOfMovementToNextPoint
      value: 0.5
      objectReference: {fileID: 0}
    - target: {fileID: 3847994394872238151, guid: a5667812a91a4574eb04d9598e6ccee2,
        type: 3}
      propertyPath: m_Name
      value: Point1 (1)
      objectReference: {fileID: 0}
    m_RemovedComponents: []
  m_SourcePrefab: {fileID: 100100000, guid: a5667812a91a4574eb04d9598e6ccee2, type: 3}
--- !u!1001 &3332420603488626812
PrefabInstance:
  m_ObjectHideFlags: 0
  serializedVersion: 2
  m_Modification:
    m_TransformParent: {fileID: 6469019900163510899}
    m_Modifications:
    - target: {fileID: 372690867108196953, guid: a5667812a91a4574eb04d9598e6ccee2,
        type: 3}
      propertyPath: m_LocalPosition.x
      value: -2.64
      objectReference: {fileID: 0}
    - target: {fileID: 372690867108196953, guid: a5667812a91a4574eb04d9598e6ccee2,
        type: 3}
      propertyPath: m_LocalPosition.y
      value: 2.64
      objectReference: {fileID: 0}
    - target: {fileID: 372690867108196953, guid: a5667812a91a4574eb04d9598e6ccee2,
        type: 3}
      propertyPath: m_LocalPosition.z
      value: 0
      objectReference: {fileID: 0}
    - target: {fileID: 372690867108196953, guid: a5667812a91a4574eb04d9598e6ccee2,
        type: 3}
      propertyPath: m_LocalRotation.x
      value: 0
      objectReference: {fileID: 0}
    - target: {fileID: 372690867108196953, guid: a5667812a91a4574eb04d9598e6ccee2,
        type: 3}
      propertyPath: m_LocalRotation.y
      value: 0
      objectReference: {fileID: 0}
    - target: {fileID: 372690867108196953, guid: a5667812a91a4574eb04d9598e6ccee2,
        type: 3}
      propertyPath: m_LocalRotation.z
      value: 0
      objectReference: {fileID: 0}
    - target: {fileID: 372690867108196953, guid: a5667812a91a4574eb04d9598e6ccee2,
        type: 3}
      propertyPath: m_LocalRotation.w
      value: 1
      objectReference: {fileID: 0}
    - target: {fileID: 372690867108196953, guid: a5667812a91a4574eb04d9598e6ccee2,
        type: 3}
      propertyPath: m_RootOrder
      value: 2
      objectReference: {fileID: 0}
    - target: {fileID: 372690867108196953, guid: a5667812a91a4574eb04d9598e6ccee2,
        type: 3}
      propertyPath: m_LocalEulerAnglesHint.x
      value: 0
      objectReference: {fileID: 0}
    - target: {fileID: 372690867108196953, guid: a5667812a91a4574eb04d9598e6ccee2,
        type: 3}
      propertyPath: m_LocalEulerAnglesHint.y
      value: 0
      objectReference: {fileID: 0}
    - target: {fileID: 372690867108196953, guid: a5667812a91a4574eb04d9598e6ccee2,
        type: 3}
      propertyPath: m_LocalEulerAnglesHint.z
      value: 0
      objectReference: {fileID: 0}
    - target: {fileID: 372690867108196953, guid: a5667812a91a4574eb04d9598e6ccee2,
        type: 3}
      propertyPath: m_LocalScale.x
      value: 1
      objectReference: {fileID: 0}
    - target: {fileID: 372690867108196953, guid: a5667812a91a4574eb04d9598e6ccee2,
        type: 3}
      propertyPath: m_LocalScale.y
      value: 1
      objectReference: {fileID: 0}
    - target: {fileID: 1168150142124539870, guid: a5667812a91a4574eb04d9598e6ccee2,
        type: 3}
      propertyPath: degreesToRotate
      value: -30
      objectReference: {fileID: 0}
    - target: {fileID: 1168150142124539870, guid: a5667812a91a4574eb04d9598e6ccee2,
        type: 3}
      propertyPath: overrideRotation
      value: 1
      objectReference: {fileID: 0}
    - target: {fileID: 1168150142124539870, guid: a5667812a91a4574eb04d9598e6ccee2,
        type: 3}
      propertyPath: overrideSpeed
      value: 1
      objectReference: {fileID: 0}
    - target: {fileID: 1168150142124539870, guid: a5667812a91a4574eb04d9598e6ccee2,
        type: 3}
      propertyPath: durationOfMovementToNextPoint
      value: 0.5
      objectReference: {fileID: 0}
    - target: {fileID: 3847994394872238151, guid: a5667812a91a4574eb04d9598e6ccee2,
        type: 3}
      propertyPath: m_Name
      value: Point2 (1)
      objectReference: {fileID: 0}
    m_RemovedComponents: []
  m_SourcePrefab: {fileID: 100100000, guid: a5667812a91a4574eb04d9598e6ccee2, type: 3}
--- !u!1001 &3332420603547101409
PrefabInstance:
  m_ObjectHideFlags: 0
  serializedVersion: 2
  m_Modification:
    m_TransformParent: {fileID: 4284830758149768910}
    m_Modifications:
    - target: {fileID: 2213258506049724844, guid: 20d61828c4b7add4ab76664ba5f49296,
        type: 3}
      propertyPath: m_LocalPosition.x
      value: 1.32
      objectReference: {fileID: 0}
    - target: {fileID: 2213258506049724844, guid: 20d61828c4b7add4ab76664ba5f49296,
        type: 3}
      propertyPath: m_LocalPosition.y
      value: 4.962
      objectReference: {fileID: 0}
    - target: {fileID: 2213258506049724844, guid: 20d61828c4b7add4ab76664ba5f49296,
        type: 3}
      propertyPath: m_LocalPosition.z
      value: 0
      objectReference: {fileID: 0}
    - target: {fileID: 2213258506049724844, guid: 20d61828c4b7add4ab76664ba5f49296,
        type: 3}
      propertyPath: m_LocalRotation.x
      value: 0
      objectReference: {fileID: 0}
    - target: {fileID: 2213258506049724844, guid: 20d61828c4b7add4ab76664ba5f49296,
        type: 3}
      propertyPath: m_LocalRotation.y
      value: 0
      objectReference: {fileID: 0}
    - target: {fileID: 2213258506049724844, guid: 20d61828c4b7add4ab76664ba5f49296,
        type: 3}
      propertyPath: m_LocalRotation.z
      value: -0.258819
      objectReference: {fileID: 0}
    - target: {fileID: 2213258506049724844, guid: 20d61828c4b7add4ab76664ba5f49296,
        type: 3}
      propertyPath: m_LocalRotation.w
      value: 0.9659259
      objectReference: {fileID: 0}
    - target: {fileID: 2213258506049724844, guid: 20d61828c4b7add4ab76664ba5f49296,
        type: 3}
      propertyPath: m_RootOrder
      value: 7
      objectReference: {fileID: 0}
    - target: {fileID: 2213258506049724844, guid: 20d61828c4b7add4ab76664ba5f49296,
        type: 3}
      propertyPath: m_LocalEulerAnglesHint.x
      value: 0
      objectReference: {fileID: 0}
    - target: {fileID: 2213258506049724844, guid: 20d61828c4b7add4ab76664ba5f49296,
        type: 3}
      propertyPath: m_LocalEulerAnglesHint.y
      value: 0
      objectReference: {fileID: 0}
    - target: {fileID: 2213258506049724844, guid: 20d61828c4b7add4ab76664ba5f49296,
        type: 3}
      propertyPath: m_LocalEulerAnglesHint.z
      value: -30
      objectReference: {fileID: 0}
    - target: {fileID: 6130291483348346898, guid: 20d61828c4b7add4ab76664ba5f49296,
        type: 3}
      propertyPath: m_Size.x
      value: 3
      objectReference: {fileID: 0}
    - target: {fileID: 6130291483348346898, guid: 20d61828c4b7add4ab76664ba5f49296,
        type: 3}
      propertyPath: m_Size.y
      value: 0.5
      objectReference: {fileID: 0}
    - target: {fileID: 6425267941074423928, guid: 20d61828c4b7add4ab76664ba5f49296,
        type: 3}
      propertyPath: m_SpriteTilingProperty.newSize.x
      value: 3
      objectReference: {fileID: 0}
    - target: {fileID: 6425267941074423928, guid: 20d61828c4b7add4ab76664ba5f49296,
        type: 3}
      propertyPath: m_SpriteTilingProperty.newSize.y
      value: 0.5
      objectReference: {fileID: 0}
    - target: {fileID: 8251517187829707004, guid: 20d61828c4b7add4ab76664ba5f49296,
        type: 3}
      propertyPath: m_Name
      value: StickSurface (7)
      objectReference: {fileID: 0}
    m_RemovedComponents: []
  m_SourcePrefab: {fileID: 100100000, guid: 20d61828c4b7add4ab76664ba5f49296, type: 3}
--- !u!1 &6682327873858082845 stripped
GameObject:
  m_CorrespondingSourceObject: {fileID: 8251517187829707004, guid: 20d61828c4b7add4ab76664ba5f49296,
    type: 3}
  m_PrefabInstance: {fileID: 3332420603547101409}
  m_PrefabAsset: {fileID: 0}
--- !u!4 &3497097889453869389 stripped
Transform:
  m_CorrespondingSourceObject: {fileID: 2213258506049724844, guid: 20d61828c4b7add4ab76664ba5f49296,
    type: 3}
  m_PrefabInstance: {fileID: 3332420603547101409}
  m_PrefabAsset: {fileID: 0}
--- !u!1001 &3332420603583537898
PrefabInstance:
  m_ObjectHideFlags: 0
  serializedVersion: 2
  m_Modification:
    m_TransformParent: {fileID: 4284830758149768910}
    m_Modifications:
    - target: {fileID: 2213258506049724844, guid: 20d61828c4b7add4ab76664ba5f49296,
        type: 3}
      propertyPath: m_LocalPosition.x
      value: -2.286
      objectReference: {fileID: 0}
    - target: {fileID: 2213258506049724844, guid: 20d61828c4b7add4ab76664ba5f49296,
        type: 3}
      propertyPath: m_LocalPosition.y
      value: 1.32
      objectReference: {fileID: 0}
    - target: {fileID: 2213258506049724844, guid: 20d61828c4b7add4ab76664ba5f49296,
        type: 3}
      propertyPath: m_LocalPosition.z
      value: 0
      objectReference: {fileID: 0}
    - target: {fileID: 2213258506049724844, guid: 20d61828c4b7add4ab76664ba5f49296,
        type: 3}
      propertyPath: m_LocalRotation.x
      value: 0
      objectReference: {fileID: 0}
    - target: {fileID: 2213258506049724844, guid: 20d61828c4b7add4ab76664ba5f49296,
        type: 3}
      propertyPath: m_LocalRotation.y
      value: 0
      objectReference: {fileID: 0}
    - target: {fileID: 2213258506049724844, guid: 20d61828c4b7add4ab76664ba5f49296,
        type: 3}
      propertyPath: m_LocalRotation.z
      value: -0.5
      objectReference: {fileID: 0}
    - target: {fileID: 2213258506049724844, guid: 20d61828c4b7add4ab76664ba5f49296,
        type: 3}
      propertyPath: m_LocalRotation.w
      value: 0.8660254
      objectReference: {fileID: 0}
    - target: {fileID: 2213258506049724844, guid: 20d61828c4b7add4ab76664ba5f49296,
        type: 3}
      propertyPath: m_RootOrder
      value: 2
      objectReference: {fileID: 0}
    - target: {fileID: 2213258506049724844, guid: 20d61828c4b7add4ab76664ba5f49296,
        type: 3}
      propertyPath: m_LocalEulerAnglesHint.x
      value: 0
      objectReference: {fileID: 0}
    - target: {fileID: 2213258506049724844, guid: 20d61828c4b7add4ab76664ba5f49296,
        type: 3}
      propertyPath: m_LocalEulerAnglesHint.y
      value: 0
      objectReference: {fileID: 0}
    - target: {fileID: 2213258506049724844, guid: 20d61828c4b7add4ab76664ba5f49296,
        type: 3}
      propertyPath: m_LocalEulerAnglesHint.z
      value: -60
      objectReference: {fileID: 0}
    - target: {fileID: 6130291483348346898, guid: 20d61828c4b7add4ab76664ba5f49296,
        type: 3}
      propertyPath: m_Size.x
      value: 3
      objectReference: {fileID: 0}
    - target: {fileID: 6130291483348346898, guid: 20d61828c4b7add4ab76664ba5f49296,
        type: 3}
      propertyPath: m_Size.y
      value: 0.5
      objectReference: {fileID: 0}
    - target: {fileID: 6425267941074423928, guid: 20d61828c4b7add4ab76664ba5f49296,
        type: 3}
      propertyPath: m_SpriteTilingProperty.newSize.x
      value: 3
      objectReference: {fileID: 0}
    - target: {fileID: 6425267941074423928, guid: 20d61828c4b7add4ab76664ba5f49296,
        type: 3}
      propertyPath: m_SpriteTilingProperty.newSize.y
      value: 0.5
      objectReference: {fileID: 0}
    - target: {fileID: 8251517187829707004, guid: 20d61828c4b7add4ab76664ba5f49296,
        type: 3}
      propertyPath: m_Name
      value: StickSurface (2)
      objectReference: {fileID: 0}
    m_RemovedComponents: []
  m_SourcePrefab: {fileID: 100100000, guid: 20d61828c4b7add4ab76664ba5f49296, type: 3}
--- !u!4 &3497097889492927302 stripped
Transform:
  m_CorrespondingSourceObject: {fileID: 2213258506049724844, guid: 20d61828c4b7add4ab76664ba5f49296,
    type: 3}
  m_PrefabInstance: {fileID: 3332420603583537898}
  m_PrefabAsset: {fileID: 0}
--- !u!1 &6682327873830031894 stripped
GameObject:
  m_CorrespondingSourceObject: {fileID: 8251517187829707004, guid: 20d61828c4b7add4ab76664ba5f49296,
    type: 3}
  m_PrefabInstance: {fileID: 3332420603583537898}
  m_PrefabAsset: {fileID: 0}
--- !u!1001 &3332420603674373257
PrefabInstance:
  m_ObjectHideFlags: 0
  serializedVersion: 2
  m_Modification:
    m_TransformParent: {fileID: 6469019900163510899}
    m_Modifications:
    - target: {fileID: 372690867108196953, guid: a5667812a91a4574eb04d9598e6ccee2,
        type: 3}
      propertyPath: m_LocalPosition.x
      value: 2.64
      objectReference: {fileID: 0}
    - target: {fileID: 372690867108196953, guid: a5667812a91a4574eb04d9598e6ccee2,
        type: 3}
      propertyPath: m_LocalPosition.y
      value: 2.64
      objectReference: {fileID: 0}
    - target: {fileID: 372690867108196953, guid: a5667812a91a4574eb04d9598e6ccee2,
        type: 3}
      propertyPath: m_LocalPosition.z
      value: 0
      objectReference: {fileID: 0}
    - target: {fileID: 372690867108196953, guid: a5667812a91a4574eb04d9598e6ccee2,
        type: 3}
      propertyPath: m_LocalRotation.x
      value: 0
      objectReference: {fileID: 0}
    - target: {fileID: 372690867108196953, guid: a5667812a91a4574eb04d9598e6ccee2,
        type: 3}
      propertyPath: m_LocalRotation.y
      value: 0
      objectReference: {fileID: 0}
    - target: {fileID: 372690867108196953, guid: a5667812a91a4574eb04d9598e6ccee2,
        type: 3}
      propertyPath: m_LocalRotation.z
      value: 0
      objectReference: {fileID: 0}
    - target: {fileID: 372690867108196953, guid: a5667812a91a4574eb04d9598e6ccee2,
        type: 3}
      propertyPath: m_LocalRotation.w
      value: 1
      objectReference: {fileID: 0}
    - target: {fileID: 372690867108196953, guid: a5667812a91a4574eb04d9598e6ccee2,
        type: 3}
      propertyPath: m_RootOrder
      value: 8
      objectReference: {fileID: 0}
    - target: {fileID: 372690867108196953, guid: a5667812a91a4574eb04d9598e6ccee2,
        type: 3}
      propertyPath: m_LocalEulerAnglesHint.x
      value: 0
      objectReference: {fileID: 0}
    - target: {fileID: 372690867108196953, guid: a5667812a91a4574eb04d9598e6ccee2,
        type: 3}
      propertyPath: m_LocalEulerAnglesHint.y
      value: 0
      objectReference: {fileID: 0}
    - target: {fileID: 372690867108196953, guid: a5667812a91a4574eb04d9598e6ccee2,
        type: 3}
      propertyPath: m_LocalEulerAnglesHint.z
      value: 0
      objectReference: {fileID: 0}
    - target: {fileID: 372690867108196953, guid: a5667812a91a4574eb04d9598e6ccee2,
        type: 3}
      propertyPath: m_LocalScale.x
      value: 1
      objectReference: {fileID: 0}
    - target: {fileID: 372690867108196953, guid: a5667812a91a4574eb04d9598e6ccee2,
        type: 3}
      propertyPath: m_LocalScale.y
      value: 1
      objectReference: {fileID: 0}
    - target: {fileID: 1168150142124539870, guid: a5667812a91a4574eb04d9598e6ccee2,
        type: 3}
      propertyPath: degreesToRotate
      value: -30
      objectReference: {fileID: 0}
    - target: {fileID: 1168150142124539870, guid: a5667812a91a4574eb04d9598e6ccee2,
        type: 3}
      propertyPath: overrideRotation
      value: 1
      objectReference: {fileID: 0}
    - target: {fileID: 1168150142124539870, guid: a5667812a91a4574eb04d9598e6ccee2,
        type: 3}
      propertyPath: overrideSpeed
      value: 1
      objectReference: {fileID: 0}
    - target: {fileID: 1168150142124539870, guid: a5667812a91a4574eb04d9598e6ccee2,
        type: 3}
      propertyPath: durationOfMovementToNextPoint
      value: 0.5
      objectReference: {fileID: 0}
    - target: {fileID: 3847994394872238151, guid: a5667812a91a4574eb04d9598e6ccee2,
        type: 3}
      propertyPath: m_Name
      value: Point2 (4)
      objectReference: {fileID: 0}
    m_RemovedComponents: []
  m_SourcePrefab: {fileID: 100100000, guid: a5667812a91a4574eb04d9598e6ccee2, type: 3}
--- !u!1001 &3332420603730052197
PrefabInstance:
  m_ObjectHideFlags: 0
  serializedVersion: 2
  m_Modification:
    m_TransformParent: {fileID: 4284830758149768910}
    m_Modifications:
    - target: {fileID: 2213258506049724844, guid: 20d61828c4b7add4ab76664ba5f49296,
        type: 3}
      propertyPath: m_LocalPosition.x
      value: -1.32
      objectReference: {fileID: 0}
    - target: {fileID: 2213258506049724844, guid: 20d61828c4b7add4ab76664ba5f49296,
        type: 3}
      propertyPath: m_LocalPosition.y
      value: 0.354
      objectReference: {fileID: 0}
    - target: {fileID: 2213258506049724844, guid: 20d61828c4b7add4ab76664ba5f49296,
        type: 3}
      propertyPath: m_LocalPosition.z
      value: 0
      objectReference: {fileID: 0}
    - target: {fileID: 2213258506049724844, guid: 20d61828c4b7add4ab76664ba5f49296,
        type: 3}
      propertyPath: m_LocalRotation.x
      value: 0
      objectReference: {fileID: 0}
    - target: {fileID: 2213258506049724844, guid: 20d61828c4b7add4ab76664ba5f49296,
        type: 3}
      propertyPath: m_LocalRotation.y
      value: 0
      objectReference: {fileID: 0}
    - target: {fileID: 2213258506049724844, guid: 20d61828c4b7add4ab76664ba5f49296,
        type: 3}
      propertyPath: m_LocalRotation.z
      value: -0.258819
      objectReference: {fileID: 0}
    - target: {fileID: 2213258506049724844, guid: 20d61828c4b7add4ab76664ba5f49296,
        type: 3}
      propertyPath: m_LocalRotation.w
      value: 0.9659259
      objectReference: {fileID: 0}
    - target: {fileID: 2213258506049724844, guid: 20d61828c4b7add4ab76664ba5f49296,
        type: 3}
      propertyPath: m_RootOrder
      value: 1
      objectReference: {fileID: 0}
    - target: {fileID: 2213258506049724844, guid: 20d61828c4b7add4ab76664ba5f49296,
        type: 3}
      propertyPath: m_LocalEulerAnglesHint.x
      value: 0
      objectReference: {fileID: 0}
    - target: {fileID: 2213258506049724844, guid: 20d61828c4b7add4ab76664ba5f49296,
        type: 3}
      propertyPath: m_LocalEulerAnglesHint.y
      value: 0
      objectReference: {fileID: 0}
    - target: {fileID: 2213258506049724844, guid: 20d61828c4b7add4ab76664ba5f49296,
        type: 3}
      propertyPath: m_LocalEulerAnglesHint.z
      value: -30
      objectReference: {fileID: 0}
    - target: {fileID: 6130291483348346898, guid: 20d61828c4b7add4ab76664ba5f49296,
        type: 3}
      propertyPath: m_Size.x
      value: 3
      objectReference: {fileID: 0}
    - target: {fileID: 6130291483348346898, guid: 20d61828c4b7add4ab76664ba5f49296,
        type: 3}
      propertyPath: m_Size.y
      value: 0.5
      objectReference: {fileID: 0}
    - target: {fileID: 6425267941074423928, guid: 20d61828c4b7add4ab76664ba5f49296,
        type: 3}
      propertyPath: m_SpriteTilingProperty.newSize.x
      value: 3
      objectReference: {fileID: 0}
    - target: {fileID: 6425267941074423928, guid: 20d61828c4b7add4ab76664ba5f49296,
        type: 3}
      propertyPath: m_SpriteTilingProperty.newSize.y
      value: 0.5
      objectReference: {fileID: 0}
    - target: {fileID: 8251517187829707004, guid: 20d61828c4b7add4ab76664ba5f49296,
        type: 3}
      propertyPath: m_Name
      value: StickSurface (1)
      objectReference: {fileID: 0}
    m_RemovedComponents: []
  m_SourcePrefab: {fileID: 100100000, guid: 20d61828c4b7add4ab76664ba5f49296, type: 3}
--- !u!1 &6682327873440412825 stripped
GameObject:
  m_CorrespondingSourceObject: {fileID: 8251517187829707004, guid: 20d61828c4b7add4ab76664ba5f49296,
    type: 3}
  m_PrefabInstance: {fileID: 3332420603730052197}
  m_PrefabAsset: {fileID: 0}
--- !u!4 &3497097889873749449 stripped
Transform:
  m_CorrespondingSourceObject: {fileID: 2213258506049724844, guid: 20d61828c4b7add4ab76664ba5f49296,
    type: 3}
  m_PrefabInstance: {fileID: 3332420603730052197}
  m_PrefabAsset: {fileID: 0}
--- !u!1001 &3332420603886724737
PrefabInstance:
  m_ObjectHideFlags: 0
  serializedVersion: 2
  m_Modification:
    m_TransformParent: {fileID: 4284830758149768910}
    m_Modifications:
    - target: {fileID: 2213258506049724844, guid: 20d61828c4b7add4ab76664ba5f49296,
        type: 3}
      propertyPath: m_LocalPosition.x
      value: 0
      objectReference: {fileID: 0}
    - target: {fileID: 2213258506049724844, guid: 20d61828c4b7add4ab76664ba5f49296,
        type: 3}
      propertyPath: m_LocalPosition.y
      value: 5.28
      objectReference: {fileID: 0}
    - target: {fileID: 2213258506049724844, guid: 20d61828c4b7add4ab76664ba5f49296,
        type: 3}
      propertyPath: m_LocalPosition.z
      value: 0
      objectReference: {fileID: 0}
    - target: {fileID: 2213258506049724844, guid: 20d61828c4b7add4ab76664ba5f49296,
        type: 3}
      propertyPath: m_LocalRotation.x
      value: 0
      objectReference: {fileID: 0}
    - target: {fileID: 2213258506049724844, guid: 20d61828c4b7add4ab76664ba5f49296,
        type: 3}
      propertyPath: m_LocalRotation.y
      value: 0
      objectReference: {fileID: 0}
    - target: {fileID: 2213258506049724844, guid: 20d61828c4b7add4ab76664ba5f49296,
        type: 3}
      propertyPath: m_LocalRotation.z
      value: 0
      objectReference: {fileID: 0}
    - target: {fileID: 2213258506049724844, guid: 20d61828c4b7add4ab76664ba5f49296,
        type: 3}
      propertyPath: m_LocalRotation.w
      value: 1
      objectReference: {fileID: 0}
    - target: {fileID: 2213258506049724844, guid: 20d61828c4b7add4ab76664ba5f49296,
        type: 3}
      propertyPath: m_RootOrder
      value: 6
      objectReference: {fileID: 0}
    - target: {fileID: 2213258506049724844, guid: 20d61828c4b7add4ab76664ba5f49296,
        type: 3}
      propertyPath: m_LocalEulerAnglesHint.x
      value: 0
      objectReference: {fileID: 0}
    - target: {fileID: 2213258506049724844, guid: 20d61828c4b7add4ab76664ba5f49296,
        type: 3}
      propertyPath: m_LocalEulerAnglesHint.y
      value: 0
      objectReference: {fileID: 0}
    - target: {fileID: 2213258506049724844, guid: 20d61828c4b7add4ab76664ba5f49296,
        type: 3}
      propertyPath: m_LocalEulerAnglesHint.z
      value: 0
      objectReference: {fileID: 0}
    - target: {fileID: 6130291483348346898, guid: 20d61828c4b7add4ab76664ba5f49296,
        type: 3}
      propertyPath: m_Size.x
      value: 3
      objectReference: {fileID: 0}
    - target: {fileID: 6130291483348346898, guid: 20d61828c4b7add4ab76664ba5f49296,
        type: 3}
      propertyPath: m_Size.y
      value: 0.5
      objectReference: {fileID: 0}
    - target: {fileID: 6425267941074423928, guid: 20d61828c4b7add4ab76664ba5f49296,
        type: 3}
      propertyPath: m_SpriteTilingProperty.newSize.x
      value: 3
      objectReference: {fileID: 0}
    - target: {fileID: 6425267941074423928, guid: 20d61828c4b7add4ab76664ba5f49296,
        type: 3}
      propertyPath: m_SpriteTilingProperty.newSize.y
      value: 0.5
      objectReference: {fileID: 0}
    - target: {fileID: 8251517187829707004, guid: 20d61828c4b7add4ab76664ba5f49296,
        type: 3}
      propertyPath: m_Name
      value: StickSurface (6)
      objectReference: {fileID: 0}
    m_RemovedComponents: []
  m_SourcePrefab: {fileID: 100100000, guid: 20d61828c4b7add4ab76664ba5f49296, type: 3}
--- !u!1 &6682327873258444413 stripped
GameObject:
  m_CorrespondingSourceObject: {fileID: 8251517187829707004, guid: 20d61828c4b7add4ab76664ba5f49296,
    type: 3}
  m_PrefabInstance: {fileID: 3332420603886724737}
  m_PrefabAsset: {fileID: 0}
--- !u!4 &3497097890061928237 stripped
Transform:
  m_CorrespondingSourceObject: {fileID: 2213258506049724844, guid: 20d61828c4b7add4ab76664ba5f49296,
    type: 3}
  m_PrefabInstance: {fileID: 3332420603886724737}
  m_PrefabAsset: {fileID: 0}
--- !u!1001 &3332420603980574317
PrefabInstance:
  m_ObjectHideFlags: 0
  serializedVersion: 2
  m_Modification:
    m_TransformParent: {fileID: 4284830758149768910}
    m_Modifications:
    - target: {fileID: 2213258506049724844, guid: 20d61828c4b7add4ab76664ba5f49296,
        type: 3}
      propertyPath: m_LocalPosition.x
      value: 1.32
      objectReference: {fileID: 0}
    - target: {fileID: 2213258506049724844, guid: 20d61828c4b7add4ab76664ba5f49296,
        type: 3}
      propertyPath: m_LocalPosition.y
      value: 0.354
      objectReference: {fileID: 0}
    - target: {fileID: 2213258506049724844, guid: 20d61828c4b7add4ab76664ba5f49296,
        type: 3}
      propertyPath: m_LocalPosition.z
      value: 0
      objectReference: {fileID: 0}
    - target: {fileID: 2213258506049724844, guid: 20d61828c4b7add4ab76664ba5f49296,
        type: 3}
      propertyPath: m_LocalRotation.x
      value: 0
      objectReference: {fileID: 0}
    - target: {fileID: 2213258506049724844, guid: 20d61828c4b7add4ab76664ba5f49296,
        type: 3}
      propertyPath: m_LocalRotation.y
      value: 0
      objectReference: {fileID: 0}
    - target: {fileID: 2213258506049724844, guid: 20d61828c4b7add4ab76664ba5f49296,
        type: 3}
      propertyPath: m_LocalRotation.z
      value: 0.2588191
      objectReference: {fileID: 0}
    - target: {fileID: 2213258506049724844, guid: 20d61828c4b7add4ab76664ba5f49296,
        type: 3}
      propertyPath: m_LocalRotation.w
      value: 0.9659258
      objectReference: {fileID: 0}
    - target: {fileID: 2213258506049724844, guid: 20d61828c4b7add4ab76664ba5f49296,
        type: 3}
      propertyPath: m_RootOrder
      value: 11
      objectReference: {fileID: 0}
    - target: {fileID: 2213258506049724844, guid: 20d61828c4b7add4ab76664ba5f49296,
        type: 3}
      propertyPath: m_LocalEulerAnglesHint.x
      value: 0
      objectReference: {fileID: 0}
    - target: {fileID: 2213258506049724844, guid: 20d61828c4b7add4ab76664ba5f49296,
        type: 3}
      propertyPath: m_LocalEulerAnglesHint.y
      value: 0
      objectReference: {fileID: 0}
    - target: {fileID: 2213258506049724844, guid: 20d61828c4b7add4ab76664ba5f49296,
        type: 3}
      propertyPath: m_LocalEulerAnglesHint.z
      value: 30
      objectReference: {fileID: 0}
    - target: {fileID: 6130291483348346898, guid: 20d61828c4b7add4ab76664ba5f49296,
        type: 3}
      propertyPath: m_Size.x
      value: 3
      objectReference: {fileID: 0}
    - target: {fileID: 6130291483348346898, guid: 20d61828c4b7add4ab76664ba5f49296,
        type: 3}
      propertyPath: m_Size.y
      value: 0.5
      objectReference: {fileID: 0}
    - target: {fileID: 6425267941074423928, guid: 20d61828c4b7add4ab76664ba5f49296,
        type: 3}
      propertyPath: m_SpriteTilingProperty.newSize.x
      value: 3
      objectReference: {fileID: 0}
    - target: {fileID: 6425267941074423928, guid: 20d61828c4b7add4ab76664ba5f49296,
        type: 3}
      propertyPath: m_SpriteTilingProperty.newSize.y
      value: 0.5
      objectReference: {fileID: 0}
    - target: {fileID: 8251517187829707004, guid: 20d61828c4b7add4ab76664ba5f49296,
        type: 3}
      propertyPath: m_Name
      value: StickSurface (11)
      objectReference: {fileID: 0}
    m_RemovedComponents: []
  m_SourcePrefab: {fileID: 100100000, guid: 20d61828c4b7add4ab76664ba5f49296, type: 3}
--- !u!4 &3497097890151583681 stripped
Transform:
  m_CorrespondingSourceObject: {fileID: 2213258506049724844, guid: 20d61828c4b7add4ab76664ba5f49296,
    type: 3}
  m_PrefabInstance: {fileID: 3332420603980574317}
  m_PrefabAsset: {fileID: 0}
--- !u!1 &6682327873168793233 stripped
GameObject:
  m_CorrespondingSourceObject: {fileID: 8251517187829707004, guid: 20d61828c4b7add4ab76664ba5f49296,
    type: 3}
  m_PrefabInstance: {fileID: 3332420603980574317}
  m_PrefabAsset: {fileID: 0}
--- !u!1001 &3332420604045282402
PrefabInstance:
  m_ObjectHideFlags: 0
  serializedVersion: 2
  m_Modification:
    m_TransformParent: {fileID: 6469019900163510899}
    m_Modifications:
    - target: {fileID: 372690867108196953, guid: a5667812a91a4574eb04d9598e6ccee2,
        type: 3}
      propertyPath: m_LocalPosition.x
      value: -2.286
      objectReference: {fileID: 0}
    - target: {fileID: 372690867108196953, guid: a5667812a91a4574eb04d9598e6ccee2,
        type: 3}
      propertyPath: m_LocalPosition.y
      value: 3.96
      objectReference: {fileID: 0}
    - target: {fileID: 372690867108196953, guid: a5667812a91a4574eb04d9598e6ccee2,
        type: 3}
      propertyPath: m_LocalPosition.z
      value: 0
      objectReference: {fileID: 0}
    - target: {fileID: 372690867108196953, guid: a5667812a91a4574eb04d9598e6ccee2,
        type: 3}
      propertyPath: m_LocalRotation.x
      value: 0
      objectReference: {fileID: 0}
    - target: {fileID: 372690867108196953, guid: a5667812a91a4574eb04d9598e6ccee2,
        type: 3}
      propertyPath: m_LocalRotation.y
      value: 0
      objectReference: {fileID: 0}
    - target: {fileID: 372690867108196953, guid: a5667812a91a4574eb04d9598e6ccee2,
        type: 3}
      propertyPath: m_LocalRotation.z
      value: 0
      objectReference: {fileID: 0}
    - target: {fileID: 372690867108196953, guid: a5667812a91a4574eb04d9598e6ccee2,
        type: 3}
      propertyPath: m_LocalRotation.w
      value: 1
      objectReference: {fileID: 0}
    - target: {fileID: 372690867108196953, guid: a5667812a91a4574eb04d9598e6ccee2,
        type: 3}
      propertyPath: m_RootOrder
      value: 3
      objectReference: {fileID: 0}
    - target: {fileID: 372690867108196953, guid: a5667812a91a4574eb04d9598e6ccee2,
        type: 3}
      propertyPath: m_LocalEulerAnglesHint.x
      value: 0
      objectReference: {fileID: 0}
    - target: {fileID: 372690867108196953, guid: a5667812a91a4574eb04d9598e6ccee2,
        type: 3}
      propertyPath: m_LocalEulerAnglesHint.y
      value: 0
      objectReference: {fileID: 0}
    - target: {fileID: 372690867108196953, guid: a5667812a91a4574eb04d9598e6ccee2,
        type: 3}
      propertyPath: m_LocalEulerAnglesHint.z
      value: 0
      objectReference: {fileID: 0}
    - target: {fileID: 372690867108196953, guid: a5667812a91a4574eb04d9598e6ccee2,
        type: 3}
      propertyPath: m_LocalScale.x
      value: 1
      objectReference: {fileID: 0}
    - target: {fileID: 372690867108196953, guid: a5667812a91a4574eb04d9598e6ccee2,
        type: 3}
      propertyPath: m_LocalScale.y
      value: 1
      objectReference: {fileID: 0}
    - target: {fileID: 1168150142124539870, guid: a5667812a91a4574eb04d9598e6ccee2,
        type: 3}
      propertyPath: degreesToRotate
      value: -30
      objectReference: {fileID: 0}
    - target: {fileID: 1168150142124539870, guid: a5667812a91a4574eb04d9598e6ccee2,
        type: 3}
      propertyPath: overrideRotation
      value: 1
      objectReference: {fileID: 0}
    - target: {fileID: 1168150142124539870, guid: a5667812a91a4574eb04d9598e6ccee2,
        type: 3}
      propertyPath: overrideSpeed
      value: 1
      objectReference: {fileID: 0}
    - target: {fileID: 1168150142124539870, guid: a5667812a91a4574eb04d9598e6ccee2,
        type: 3}
      propertyPath: durationOfMovementToNextPoint
      value: 0.5
      objectReference: {fileID: 0}
    - target: {fileID: 3847994394872238151, guid: a5667812a91a4574eb04d9598e6ccee2,
        type: 3}
      propertyPath: m_Name
      value: Point2 (2)
      objectReference: {fileID: 0}
    m_RemovedComponents: []
  m_SourcePrefab: {fileID: 100100000, guid: a5667812a91a4574eb04d9598e6ccee2, type: 3}
--- !u!1001 &3332420604381703498
PrefabInstance:
  m_ObjectHideFlags: 0
  serializedVersion: 2
  m_Modification:
    m_TransformParent: {fileID: 6469019900163510899}
    m_Modifications:
    - target: {fileID: 372690867108196953, guid: a5667812a91a4574eb04d9598e6ccee2,
        type: 3}
      propertyPath: m_LocalPosition.x
      value: 1.32
      objectReference: {fileID: 0}
    - target: {fileID: 372690867108196953, guid: a5667812a91a4574eb04d9598e6ccee2,
        type: 3}
      propertyPath: m_LocalPosition.y
      value: 4.962
      objectReference: {fileID: 0}
    - target: {fileID: 372690867108196953, guid: a5667812a91a4574eb04d9598e6ccee2,
        type: 3}
      propertyPath: m_LocalPosition.z
      value: 0
      objectReference: {fileID: 0}
    - target: {fileID: 372690867108196953, guid: a5667812a91a4574eb04d9598e6ccee2,
        type: 3}
      propertyPath: m_LocalRotation.x
      value: 0
      objectReference: {fileID: 0}
    - target: {fileID: 372690867108196953, guid: a5667812a91a4574eb04d9598e6ccee2,
        type: 3}
      propertyPath: m_LocalRotation.y
      value: 0
      objectReference: {fileID: 0}
    - target: {fileID: 372690867108196953, guid: a5667812a91a4574eb04d9598e6ccee2,
        type: 3}
      propertyPath: m_LocalRotation.z
      value: 0
      objectReference: {fileID: 0}
    - target: {fileID: 372690867108196953, guid: a5667812a91a4574eb04d9598e6ccee2,
        type: 3}
      propertyPath: m_LocalRotation.w
      value: 1
      objectReference: {fileID: 0}
    - target: {fileID: 372690867108196953, guid: a5667812a91a4574eb04d9598e6ccee2,
        type: 3}
      propertyPath: m_RootOrder
      value: 6
      objectReference: {fileID: 0}
    - target: {fileID: 372690867108196953, guid: a5667812a91a4574eb04d9598e6ccee2,
        type: 3}
      propertyPath: m_LocalEulerAnglesHint.x
      value: 0
      objectReference: {fileID: 0}
    - target: {fileID: 372690867108196953, guid: a5667812a91a4574eb04d9598e6ccee2,
        type: 3}
      propertyPath: m_LocalEulerAnglesHint.y
      value: 0
      objectReference: {fileID: 0}
    - target: {fileID: 372690867108196953, guid: a5667812a91a4574eb04d9598e6ccee2,
        type: 3}
      propertyPath: m_LocalEulerAnglesHint.z
      value: 0
      objectReference: {fileID: 0}
    - target: {fileID: 372690867108196953, guid: a5667812a91a4574eb04d9598e6ccee2,
        type: 3}
      propertyPath: m_LocalScale.x
      value: 1
      objectReference: {fileID: 0}
    - target: {fileID: 372690867108196953, guid: a5667812a91a4574eb04d9598e6ccee2,
        type: 3}
      propertyPath: m_LocalScale.y
      value: 1
      objectReference: {fileID: 0}
    - target: {fileID: 1168150142124539870, guid: a5667812a91a4574eb04d9598e6ccee2,
        type: 3}
      propertyPath: degreesToRotate
      value: -30
      objectReference: {fileID: 0}
    - target: {fileID: 1168150142124539870, guid: a5667812a91a4574eb04d9598e6ccee2,
        type: 3}
      propertyPath: overrideRotation
      value: 1
      objectReference: {fileID: 0}
    - target: {fileID: 1168150142124539870, guid: a5667812a91a4574eb04d9598e6ccee2,
        type: 3}
      propertyPath: overrideSpeed
      value: 1
      objectReference: {fileID: 0}
    - target: {fileID: 1168150142124539870, guid: a5667812a91a4574eb04d9598e6ccee2,
        type: 3}
      propertyPath: durationOfMovementToNextPoint
      value: 0.5
      objectReference: {fileID: 0}
    - target: {fileID: 3847994394872238151, guid: a5667812a91a4574eb04d9598e6ccee2,
        type: 3}
      propertyPath: m_Name
      value: Point1 (3)
      objectReference: {fileID: 0}
    m_RemovedComponents: []
  m_SourcePrefab: {fileID: 100100000, guid: a5667812a91a4574eb04d9598e6ccee2, type: 3}
--- !u!1001 &3332420604524325421
PrefabInstance:
  m_ObjectHideFlags: 0
  serializedVersion: 2
  m_Modification:
    m_TransformParent: {fileID: 6469019900163510899}
    m_Modifications:
    - target: {fileID: 372690867108196953, guid: a5667812a91a4574eb04d9598e6ccee2,
        type: 3}
      propertyPath: m_LocalPosition.x
      value: 2.286
      objectReference: {fileID: 0}
    - target: {fileID: 372690867108196953, guid: a5667812a91a4574eb04d9598e6ccee2,
        type: 3}
      propertyPath: m_LocalPosition.y
      value: 1.32
      objectReference: {fileID: 0}
    - target: {fileID: 372690867108196953, guid: a5667812a91a4574eb04d9598e6ccee2,
        type: 3}
      propertyPath: m_LocalPosition.z
      value: 0
      objectReference: {fileID: 0}
    - target: {fileID: 372690867108196953, guid: a5667812a91a4574eb04d9598e6ccee2,
        type: 3}
      propertyPath: m_LocalRotation.x
      value: 0
      objectReference: {fileID: 0}
    - target: {fileID: 372690867108196953, guid: a5667812a91a4574eb04d9598e6ccee2,
        type: 3}
      propertyPath: m_LocalRotation.y
      value: 0
      objectReference: {fileID: 0}
    - target: {fileID: 372690867108196953, guid: a5667812a91a4574eb04d9598e6ccee2,
        type: 3}
      propertyPath: m_LocalRotation.z
      value: 0
      objectReference: {fileID: 0}
    - target: {fileID: 372690867108196953, guid: a5667812a91a4574eb04d9598e6ccee2,
        type: 3}
      propertyPath: m_LocalRotation.w
      value: 1
      objectReference: {fileID: 0}
    - target: {fileID: 372690867108196953, guid: a5667812a91a4574eb04d9598e6ccee2,
        type: 3}
      propertyPath: m_RootOrder
      value: 9
      objectReference: {fileID: 0}
    - target: {fileID: 372690867108196953, guid: a5667812a91a4574eb04d9598e6ccee2,
        type: 3}
      propertyPath: m_LocalEulerAnglesHint.x
      value: 0
      objectReference: {fileID: 0}
    - target: {fileID: 372690867108196953, guid: a5667812a91a4574eb04d9598e6ccee2,
        type: 3}
      propertyPath: m_LocalEulerAnglesHint.y
      value: 0
      objectReference: {fileID: 0}
    - target: {fileID: 372690867108196953, guid: a5667812a91a4574eb04d9598e6ccee2,
        type: 3}
      propertyPath: m_LocalEulerAnglesHint.z
      value: 0
      objectReference: {fileID: 0}
    - target: {fileID: 372690867108196953, guid: a5667812a91a4574eb04d9598e6ccee2,
        type: 3}
      propertyPath: m_LocalScale.x
      value: 1
      objectReference: {fileID: 0}
    - target: {fileID: 372690867108196953, guid: a5667812a91a4574eb04d9598e6ccee2,
        type: 3}
      propertyPath: m_LocalScale.y
      value: 1
      objectReference: {fileID: 0}
    - target: {fileID: 1168150142124539870, guid: a5667812a91a4574eb04d9598e6ccee2,
        type: 3}
      propertyPath: degreesToRotate
      value: -30
      objectReference: {fileID: 0}
    - target: {fileID: 1168150142124539870, guid: a5667812a91a4574eb04d9598e6ccee2,
        type: 3}
      propertyPath: overrideRotation
      value: 1
      objectReference: {fileID: 0}
    - target: {fileID: 1168150142124539870, guid: a5667812a91a4574eb04d9598e6ccee2,
        type: 3}
      propertyPath: overrideSpeed
      value: 1
      objectReference: {fileID: 0}
    - target: {fileID: 1168150142124539870, guid: a5667812a91a4574eb04d9598e6ccee2,
        type: 3}
      propertyPath: durationOfMovementToNextPoint
      value: 0.5
      objectReference: {fileID: 0}
    - target: {fileID: 3847994394872238151, guid: a5667812a91a4574eb04d9598e6ccee2,
        type: 3}
      propertyPath: m_Name
      value: Point2 (5)
      objectReference: {fileID: 0}
    m_RemovedComponents: []
  m_SourcePrefab: {fileID: 100100000, guid: a5667812a91a4574eb04d9598e6ccee2, type: 3}
--- !u!1001 &3332420604553054352
PrefabInstance:
  m_ObjectHideFlags: 0
  serializedVersion: 2
  m_Modification:
    m_TransformParent: {fileID: 4284830758149768910}
    m_Modifications:
    - target: {fileID: 2213258506049724844, guid: 20d61828c4b7add4ab76664ba5f49296,
        type: 3}
      propertyPath: m_LocalPosition.x
      value: 2.286
      objectReference: {fileID: 0}
    - target: {fileID: 2213258506049724844, guid: 20d61828c4b7add4ab76664ba5f49296,
        type: 3}
      propertyPath: m_LocalPosition.y
      value: 1.32
      objectReference: {fileID: 0}
    - target: {fileID: 2213258506049724844, guid: 20d61828c4b7add4ab76664ba5f49296,
        type: 3}
      propertyPath: m_LocalPosition.z
      value: 0
      objectReference: {fileID: 0}
    - target: {fileID: 2213258506049724844, guid: 20d61828c4b7add4ab76664ba5f49296,
        type: 3}
      propertyPath: m_LocalRotation.x
      value: 0
      objectReference: {fileID: 0}
    - target: {fileID: 2213258506049724844, guid: 20d61828c4b7add4ab76664ba5f49296,
        type: 3}
      propertyPath: m_LocalRotation.y
      value: 0
      objectReference: {fileID: 0}
    - target: {fileID: 2213258506049724844, guid: 20d61828c4b7add4ab76664ba5f49296,
        type: 3}
      propertyPath: m_LocalRotation.z
      value: 0.5
      objectReference: {fileID: 0}
    - target: {fileID: 2213258506049724844, guid: 20d61828c4b7add4ab76664ba5f49296,
        type: 3}
      propertyPath: m_LocalRotation.w
      value: 0.8660254
      objectReference: {fileID: 0}
    - target: {fileID: 2213258506049724844, guid: 20d61828c4b7add4ab76664ba5f49296,
        type: 3}
      propertyPath: m_RootOrder
      value: 10
      objectReference: {fileID: 0}
    - target: {fileID: 2213258506049724844, guid: 20d61828c4b7add4ab76664ba5f49296,
        type: 3}
      propertyPath: m_LocalEulerAnglesHint.x
      value: 0
      objectReference: {fileID: 0}
    - target: {fileID: 2213258506049724844, guid: 20d61828c4b7add4ab76664ba5f49296,
        type: 3}
      propertyPath: m_LocalEulerAnglesHint.y
      value: 0
      objectReference: {fileID: 0}
    - target: {fileID: 2213258506049724844, guid: 20d61828c4b7add4ab76664ba5f49296,
        type: 3}
      propertyPath: m_LocalEulerAnglesHint.z
      value: 60
      objectReference: {fileID: 0}
    - target: {fileID: 6130291483348346898, guid: 20d61828c4b7add4ab76664ba5f49296,
        type: 3}
      propertyPath: m_Size.x
      value: 3
      objectReference: {fileID: 0}
    - target: {fileID: 6130291483348346898, guid: 20d61828c4b7add4ab76664ba5f49296,
        type: 3}
      propertyPath: m_Size.y
      value: 0.5
      objectReference: {fileID: 0}
    - target: {fileID: 6425267941074423928, guid: 20d61828c4b7add4ab76664ba5f49296,
        type: 3}
      propertyPath: m_SpriteTilingProperty.newSize.x
      value: 3
      objectReference: {fileID: 0}
    - target: {fileID: 6425267941074423928, guid: 20d61828c4b7add4ab76664ba5f49296,
        type: 3}
      propertyPath: m_SpriteTilingProperty.newSize.y
      value: 0.5
      objectReference: {fileID: 0}
    - target: {fileID: 8251517187829707004, guid: 20d61828c4b7add4ab76664ba5f49296,
        type: 3}
      propertyPath: m_Name
      value: StickSurface (10)
      objectReference: {fileID: 0}
    m_RemovedComponents: []
  m_SourcePrefab: {fileID: 100100000, guid: 20d61828c4b7add4ab76664ba5f49296, type: 3}
--- !u!1 &6682327872852293740 stripped
GameObject:
  m_CorrespondingSourceObject: {fileID: 8251517187829707004, guid: 20d61828c4b7add4ab76664ba5f49296,
    type: 3}
  m_PrefabInstance: {fileID: 3332420604553054352}
  m_PrefabAsset: {fileID: 0}
--- !u!4 &3497097890460297532 stripped
Transform:
  m_CorrespondingSourceObject: {fileID: 2213258506049724844, guid: 20d61828c4b7add4ab76664ba5f49296,
    type: 3}
  m_PrefabInstance: {fileID: 3332420604553054352}
  m_PrefabAsset: {fileID: 0}
--- !u!1001 &3332420604600378691
PrefabInstance:
  m_ObjectHideFlags: 0
  serializedVersion: 2
  m_Modification:
    m_TransformParent: {fileID: 4284830758149768910}
    m_Modifications:
    - target: {fileID: 2213258506049724844, guid: 20d61828c4b7add4ab76664ba5f49296,
        type: 3}
      propertyPath: m_LocalPosition.x
      value: -2.286
      objectReference: {fileID: 0}
    - target: {fileID: 2213258506049724844, guid: 20d61828c4b7add4ab76664ba5f49296,
        type: 3}
      propertyPath: m_LocalPosition.y
      value: 3.96
      objectReference: {fileID: 0}
    - target: {fileID: 2213258506049724844, guid: 20d61828c4b7add4ab76664ba5f49296,
        type: 3}
      propertyPath: m_LocalPosition.z
      value: 0
      objectReference: {fileID: 0}
    - target: {fileID: 2213258506049724844, guid: 20d61828c4b7add4ab76664ba5f49296,
        type: 3}
      propertyPath: m_LocalRotation.x
      value: 0
      objectReference: {fileID: 0}
    - target: {fileID: 2213258506049724844, guid: 20d61828c4b7add4ab76664ba5f49296,
        type: 3}
      propertyPath: m_LocalRotation.y
      value: 0
      objectReference: {fileID: 0}
    - target: {fileID: 2213258506049724844, guid: 20d61828c4b7add4ab76664ba5f49296,
        type: 3}
      propertyPath: m_LocalRotation.z
      value: 0.5
      objectReference: {fileID: 0}
    - target: {fileID: 2213258506049724844, guid: 20d61828c4b7add4ab76664ba5f49296,
        type: 3}
      propertyPath: m_LocalRotation.w
      value: 0.8660254
      objectReference: {fileID: 0}
    - target: {fileID: 2213258506049724844, guid: 20d61828c4b7add4ab76664ba5f49296,
        type: 3}
      propertyPath: m_RootOrder
      value: 4
      objectReference: {fileID: 0}
    - target: {fileID: 2213258506049724844, guid: 20d61828c4b7add4ab76664ba5f49296,
        type: 3}
      propertyPath: m_LocalEulerAnglesHint.x
      value: 0
      objectReference: {fileID: 0}
    - target: {fileID: 2213258506049724844, guid: 20d61828c4b7add4ab76664ba5f49296,
        type: 3}
      propertyPath: m_LocalEulerAnglesHint.y
      value: 0
      objectReference: {fileID: 0}
    - target: {fileID: 2213258506049724844, guid: 20d61828c4b7add4ab76664ba5f49296,
        type: 3}
      propertyPath: m_LocalEulerAnglesHint.z
      value: 60
      objectReference: {fileID: 0}
    - target: {fileID: 6130291483348346898, guid: 20d61828c4b7add4ab76664ba5f49296,
        type: 3}
      propertyPath: m_Size.x
      value: 3
      objectReference: {fileID: 0}
    - target: {fileID: 6130291483348346898, guid: 20d61828c4b7add4ab76664ba5f49296,
        type: 3}
      propertyPath: m_Size.y
      value: 0.5
      objectReference: {fileID: 0}
    - target: {fileID: 6425267941074423928, guid: 20d61828c4b7add4ab76664ba5f49296,
        type: 3}
      propertyPath: m_SpriteTilingProperty.newSize.x
      value: 3
      objectReference: {fileID: 0}
    - target: {fileID: 6425267941074423928, guid: 20d61828c4b7add4ab76664ba5f49296,
        type: 3}
      propertyPath: m_SpriteTilingProperty.newSize.y
      value: 0.5
      objectReference: {fileID: 0}
    - target: {fileID: 8251517187829707004, guid: 20d61828c4b7add4ab76664ba5f49296,
        type: 3}
      propertyPath: m_Name
      value: StickSurface (4)
      objectReference: {fileID: 0}
    m_RemovedComponents: []
  m_SourcePrefab: {fileID: 100100000, guid: 20d61828c4b7add4ab76664ba5f49296, type: 3}
--- !u!4 &3497097890471429359 stripped
Transform:
  m_CorrespondingSourceObject: {fileID: 2213258506049724844, guid: 20d61828c4b7add4ab76664ba5f49296,
    type: 3}
  m_PrefabInstance: {fileID: 3332420604600378691}
  m_PrefabAsset: {fileID: 0}
--- !u!1 &6682327872851105215 stripped
GameObject:
  m_CorrespondingSourceObject: {fileID: 8251517187829707004, guid: 20d61828c4b7add4ab76664ba5f49296,
    type: 3}
  m_PrefabInstance: {fileID: 3332420604600378691}
  m_PrefabAsset: {fileID: 0}
--- !u!1001 &3332420604606681402
PrefabInstance:
  m_ObjectHideFlags: 0
  serializedVersion: 2
  m_Modification:
    m_TransformParent: {fileID: 6469019900163510899}
    m_Modifications:
    - target: {fileID: 372690867108196953, guid: a5667812a91a4574eb04d9598e6ccee2,
        type: 3}
      propertyPath: m_LocalPosition.x
      value: 2.286
      objectReference: {fileID: 0}
    - target: {fileID: 372690867108196953, guid: a5667812a91a4574eb04d9598e6ccee2,
        type: 3}
      propertyPath: m_LocalPosition.y
      value: 3.96
      objectReference: {fileID: 0}
    - target: {fileID: 372690867108196953, guid: a5667812a91a4574eb04d9598e6ccee2,
        type: 3}
      propertyPath: m_LocalPosition.z
      value: 0
      objectReference: {fileID: 0}
    - target: {fileID: 372690867108196953, guid: a5667812a91a4574eb04d9598e6ccee2,
        type: 3}
      propertyPath: m_LocalRotation.x
      value: 0
      objectReference: {fileID: 0}
    - target: {fileID: 372690867108196953, guid: a5667812a91a4574eb04d9598e6ccee2,
        type: 3}
      propertyPath: m_LocalRotation.y
      value: 0
      objectReference: {fileID: 0}
    - target: {fileID: 372690867108196953, guid: a5667812a91a4574eb04d9598e6ccee2,
        type: 3}
      propertyPath: m_LocalRotation.z
      value: 0
      objectReference: {fileID: 0}
    - target: {fileID: 372690867108196953, guid: a5667812a91a4574eb04d9598e6ccee2,
        type: 3}
      propertyPath: m_LocalRotation.w
      value: 1
      objectReference: {fileID: 0}
    - target: {fileID: 372690867108196953, guid: a5667812a91a4574eb04d9598e6ccee2,
        type: 3}
      propertyPath: m_RootOrder
      value: 7
      objectReference: {fileID: 0}
    - target: {fileID: 372690867108196953, guid: a5667812a91a4574eb04d9598e6ccee2,
        type: 3}
      propertyPath: m_LocalEulerAnglesHint.x
      value: 0
      objectReference: {fileID: 0}
    - target: {fileID: 372690867108196953, guid: a5667812a91a4574eb04d9598e6ccee2,
        type: 3}
      propertyPath: m_LocalEulerAnglesHint.y
      value: 0
      objectReference: {fileID: 0}
    - target: {fileID: 372690867108196953, guid: a5667812a91a4574eb04d9598e6ccee2,
        type: 3}
      propertyPath: m_LocalEulerAnglesHint.z
      value: 0
      objectReference: {fileID: 0}
    - target: {fileID: 372690867108196953, guid: a5667812a91a4574eb04d9598e6ccee2,
        type: 3}
      propertyPath: m_LocalScale.x
      value: 1
      objectReference: {fileID: 0}
    - target: {fileID: 372690867108196953, guid: a5667812a91a4574eb04d9598e6ccee2,
        type: 3}
      propertyPath: m_LocalScale.y
      value: 1
      objectReference: {fileID: 0}
    - target: {fileID: 1168150142124539870, guid: a5667812a91a4574eb04d9598e6ccee2,
        type: 3}
      propertyPath: degreesToRotate
      value: -30
      objectReference: {fileID: 0}
    - target: {fileID: 1168150142124539870, guid: a5667812a91a4574eb04d9598e6ccee2,
        type: 3}
      propertyPath: overrideRotation
      value: 1
      objectReference: {fileID: 0}
    - target: {fileID: 1168150142124539870, guid: a5667812a91a4574eb04d9598e6ccee2,
        type: 3}
      propertyPath: overrideSpeed
      value: 1
      objectReference: {fileID: 0}
    - target: {fileID: 1168150142124539870, guid: a5667812a91a4574eb04d9598e6ccee2,
        type: 3}
      propertyPath: durationOfMovementToNextPoint
      value: 0.5
      objectReference: {fileID: 0}
    - target: {fileID: 3847994394872238151, guid: a5667812a91a4574eb04d9598e6ccee2,
        type: 3}
      propertyPath: m_Name
      value: Point2 (3)
      objectReference: {fileID: 0}
    m_RemovedComponents: []
  m_SourcePrefab: {fileID: 100100000, guid: a5667812a91a4574eb04d9598e6ccee2, type: 3}
--- !u!1001 &3332420604708655970
PrefabInstance:
  m_ObjectHideFlags: 0
  serializedVersion: 2
  m_Modification:
    m_TransformParent: {fileID: 6469019900163510899}
    m_Modifications:
    - target: {fileID: 372690867108196953, guid: a5667812a91a4574eb04d9598e6ccee2,
        type: 3}
      propertyPath: m_LocalPosition.x
      value: 1.32
      objectReference: {fileID: 0}
    - target: {fileID: 372690867108196953, guid: a5667812a91a4574eb04d9598e6ccee2,
        type: 3}
      propertyPath: m_LocalPosition.y
      value: 0.354
      objectReference: {fileID: 0}
    - target: {fileID: 372690867108196953, guid: a5667812a91a4574eb04d9598e6ccee2,
        type: 3}
      propertyPath: m_LocalPosition.z
      value: 0
      objectReference: {fileID: 0}
    - target: {fileID: 372690867108196953, guid: a5667812a91a4574eb04d9598e6ccee2,
        type: 3}
      propertyPath: m_LocalRotation.x
      value: 0
      objectReference: {fileID: 0}
    - target: {fileID: 372690867108196953, guid: a5667812a91a4574eb04d9598e6ccee2,
        type: 3}
      propertyPath: m_LocalRotation.y
      value: 0
      objectReference: {fileID: 0}
    - target: {fileID: 372690867108196953, guid: a5667812a91a4574eb04d9598e6ccee2,
        type: 3}
      propertyPath: m_LocalRotation.z
      value: 0
      objectReference: {fileID: 0}
    - target: {fileID: 372690867108196953, guid: a5667812a91a4574eb04d9598e6ccee2,
        type: 3}
      propertyPath: m_LocalRotation.w
      value: 1
      objectReference: {fileID: 0}
    - target: {fileID: 372690867108196953, guid: a5667812a91a4574eb04d9598e6ccee2,
        type: 3}
      propertyPath: m_RootOrder
      value: 10
      objectReference: {fileID: 0}
    - target: {fileID: 372690867108196953, guid: a5667812a91a4574eb04d9598e6ccee2,
        type: 3}
      propertyPath: m_LocalEulerAnglesHint.x
      value: 0
      objectReference: {fileID: 0}
    - target: {fileID: 372690867108196953, guid: a5667812a91a4574eb04d9598e6ccee2,
        type: 3}
      propertyPath: m_LocalEulerAnglesHint.y
      value: 0
      objectReference: {fileID: 0}
    - target: {fileID: 372690867108196953, guid: a5667812a91a4574eb04d9598e6ccee2,
        type: 3}
      propertyPath: m_LocalEulerAnglesHint.z
      value: 0
      objectReference: {fileID: 0}
    - target: {fileID: 372690867108196953, guid: a5667812a91a4574eb04d9598e6ccee2,
        type: 3}
      propertyPath: m_LocalScale.x
      value: 1
      objectReference: {fileID: 0}
    - target: {fileID: 372690867108196953, guid: a5667812a91a4574eb04d9598e6ccee2,
        type: 3}
      propertyPath: m_LocalScale.y
      value: 1
      objectReference: {fileID: 0}
    - target: {fileID: 1168150142124539870, guid: a5667812a91a4574eb04d9598e6ccee2,
        type: 3}
      propertyPath: degreesToRotate
      value: -30
      objectReference: {fileID: 0}
    - target: {fileID: 1168150142124539870, guid: a5667812a91a4574eb04d9598e6ccee2,
        type: 3}
      propertyPath: overrideRotation
      value: 1
      objectReference: {fileID: 0}
    - target: {fileID: 1168150142124539870, guid: a5667812a91a4574eb04d9598e6ccee2,
        type: 3}
      propertyPath: overrideSpeed
      value: 1
      objectReference: {fileID: 0}
    - target: {fileID: 1168150142124539870, guid: a5667812a91a4574eb04d9598e6ccee2,
        type: 3}
      propertyPath: durationOfMovementToNextPoint
      value: 0.5
      objectReference: {fileID: 0}
    - target: {fileID: 3847994394872238151, guid: a5667812a91a4574eb04d9598e6ccee2,
        type: 3}
      propertyPath: m_Name
      value: Point1 (4)
      objectReference: {fileID: 0}
    m_RemovedComponents: []
  m_SourcePrefab: {fileID: 100100000, guid: a5667812a91a4574eb04d9598e6ccee2, type: 3}
--- !u!1001 &3332420604734209575
PrefabInstance:
  m_ObjectHideFlags: 0
  serializedVersion: 2
  m_Modification:
    m_TransformParent: {fileID: 4284830758149768910}
    m_Modifications:
    - target: {fileID: 2213258506049724844, guid: 20d61828c4b7add4ab76664ba5f49296,
        type: 3}
      propertyPath: m_LocalPosition.x
      value: 2.64
      objectReference: {fileID: 0}
    - target: {fileID: 2213258506049724844, guid: 20d61828c4b7add4ab76664ba5f49296,
        type: 3}
      propertyPath: m_LocalPosition.y
      value: 2.64
      objectReference: {fileID: 0}
    - target: {fileID: 2213258506049724844, guid: 20d61828c4b7add4ab76664ba5f49296,
        type: 3}
      propertyPath: m_LocalPosition.z
      value: 0
      objectReference: {fileID: 0}
    - target: {fileID: 2213258506049724844, guid: 20d61828c4b7add4ab76664ba5f49296,
        type: 3}
      propertyPath: m_LocalRotation.x
      value: 0
      objectReference: {fileID: 0}
    - target: {fileID: 2213258506049724844, guid: 20d61828c4b7add4ab76664ba5f49296,
        type: 3}
      propertyPath: m_LocalRotation.y
      value: 0
      objectReference: {fileID: 0}
    - target: {fileID: 2213258506049724844, guid: 20d61828c4b7add4ab76664ba5f49296,
        type: 3}
      propertyPath: m_LocalRotation.z
      value: 0.7071068
      objectReference: {fileID: 0}
    - target: {fileID: 2213258506049724844, guid: 20d61828c4b7add4ab76664ba5f49296,
        type: 3}
      propertyPath: m_LocalRotation.w
      value: 0.7071068
      objectReference: {fileID: 0}
    - target: {fileID: 2213258506049724844, guid: 20d61828c4b7add4ab76664ba5f49296,
        type: 3}
      propertyPath: m_RootOrder
      value: 9
      objectReference: {fileID: 0}
    - target: {fileID: 2213258506049724844, guid: 20d61828c4b7add4ab76664ba5f49296,
        type: 3}
      propertyPath: m_LocalEulerAnglesHint.x
      value: 0
      objectReference: {fileID: 0}
    - target: {fileID: 2213258506049724844, guid: 20d61828c4b7add4ab76664ba5f49296,
        type: 3}
      propertyPath: m_LocalEulerAnglesHint.y
      value: 0
      objectReference: {fileID: 0}
    - target: {fileID: 2213258506049724844, guid: 20d61828c4b7add4ab76664ba5f49296,
        type: 3}
      propertyPath: m_LocalEulerAnglesHint.z
      value: 90
      objectReference: {fileID: 0}
    - target: {fileID: 6130291483348346898, guid: 20d61828c4b7add4ab76664ba5f49296,
        type: 3}
      propertyPath: m_Size.x
      value: 3
      objectReference: {fileID: 0}
    - target: {fileID: 6130291483348346898, guid: 20d61828c4b7add4ab76664ba5f49296,
        type: 3}
      propertyPath: m_Size.y
      value: 0.5
      objectReference: {fileID: 0}
    - target: {fileID: 6425267941074423928, guid: 20d61828c4b7add4ab76664ba5f49296,
        type: 3}
      propertyPath: m_SpriteTilingProperty.newSize.x
      value: 3
      objectReference: {fileID: 0}
    - target: {fileID: 6425267941074423928, guid: 20d61828c4b7add4ab76664ba5f49296,
        type: 3}
      propertyPath: m_SpriteTilingProperty.newSize.y
      value: 0.5
      objectReference: {fileID: 0}
    - target: {fileID: 8251517187829707004, guid: 20d61828c4b7add4ab76664ba5f49296,
        type: 3}
      propertyPath: m_Name
      value: StickSurface (9)
      objectReference: {fileID: 0}
    m_RemovedComponents: []
  m_SourcePrefab: {fileID: 100100000, guid: 20d61828c4b7add4ab76664ba5f49296, type: 3}
--- !u!4 &3497097890875793291 stripped
Transform:
  m_CorrespondingSourceObject: {fileID: 2213258506049724844, guid: 20d61828c4b7add4ab76664ba5f49296,
    type: 3}
  m_PrefabInstance: {fileID: 3332420604734209575}
  m_PrefabAsset: {fileID: 0}
--- !u!1 &6682327872444649179 stripped
GameObject:
  m_CorrespondingSourceObject: {fileID: 8251517187829707004, guid: 20d61828c4b7add4ab76664ba5f49296,
    type: 3}
  m_PrefabInstance: {fileID: 3332420604734209575}
  m_PrefabAsset: {fileID: 0}
--- !u!1001 &3332420605065517724
PrefabInstance:
  m_ObjectHideFlags: 0
  serializedVersion: 2
  m_Modification:
    m_TransformParent: {fileID: 4284830758149768910}
    m_Modifications:
    - target: {fileID: 2213258506049724844, guid: 20d61828c4b7add4ab76664ba5f49296,
        type: 3}
      propertyPath: m_LocalPosition.x
      value: -2.64
      objectReference: {fileID: 0}
    - target: {fileID: 2213258506049724844, guid: 20d61828c4b7add4ab76664ba5f49296,
        type: 3}
      propertyPath: m_LocalPosition.y
      value: 2.64
      objectReference: {fileID: 0}
    - target: {fileID: 2213258506049724844, guid: 20d61828c4b7add4ab76664ba5f49296,
        type: 3}
      propertyPath: m_LocalPosition.z
      value: 0
      objectReference: {fileID: 0}
    - target: {fileID: 2213258506049724844, guid: 20d61828c4b7add4ab76664ba5f49296,
        type: 3}
      propertyPath: m_LocalRotation.x
      value: 0
      objectReference: {fileID: 0}
    - target: {fileID: 2213258506049724844, guid: 20d61828c4b7add4ab76664ba5f49296,
        type: 3}
      propertyPath: m_LocalRotation.y
      value: 0
      objectReference: {fileID: 0}
    - target: {fileID: 2213258506049724844, guid: 20d61828c4b7add4ab76664ba5f49296,
        type: 3}
      propertyPath: m_LocalRotation.z
      value: 0.7071068
      objectReference: {fileID: 0}
    - target: {fileID: 2213258506049724844, guid: 20d61828c4b7add4ab76664ba5f49296,
        type: 3}
      propertyPath: m_LocalRotation.w
      value: 0.7071068
      objectReference: {fileID: 0}
    - target: {fileID: 2213258506049724844, guid: 20d61828c4b7add4ab76664ba5f49296,
        type: 3}
      propertyPath: m_RootOrder
      value: 3
      objectReference: {fileID: 0}
    - target: {fileID: 2213258506049724844, guid: 20d61828c4b7add4ab76664ba5f49296,
        type: 3}
      propertyPath: m_LocalEulerAnglesHint.x
      value: 0
      objectReference: {fileID: 0}
    - target: {fileID: 2213258506049724844, guid: 20d61828c4b7add4ab76664ba5f49296,
        type: 3}
      propertyPath: m_LocalEulerAnglesHint.y
      value: 0
      objectReference: {fileID: 0}
    - target: {fileID: 2213258506049724844, guid: 20d61828c4b7add4ab76664ba5f49296,
        type: 3}
      propertyPath: m_LocalEulerAnglesHint.z
      value: 90
      objectReference: {fileID: 0}
    - target: {fileID: 6130291483348346898, guid: 20d61828c4b7add4ab76664ba5f49296,
        type: 3}
      propertyPath: m_Size.x
      value: 3
      objectReference: {fileID: 0}
    - target: {fileID: 6130291483348346898, guid: 20d61828c4b7add4ab76664ba5f49296,
        type: 3}
      propertyPath: m_Size.y
      value: 0.5
      objectReference: {fileID: 0}
    - target: {fileID: 6425267941074423928, guid: 20d61828c4b7add4ab76664ba5f49296,
        type: 3}
      propertyPath: m_SpriteTilingProperty.newSize.x
      value: 3
      objectReference: {fileID: 0}
    - target: {fileID: 6425267941074423928, guid: 20d61828c4b7add4ab76664ba5f49296,
        type: 3}
      propertyPath: m_SpriteTilingProperty.newSize.y
      value: 0.5
      objectReference: {fileID: 0}
    - target: {fileID: 8251517187829707004, guid: 20d61828c4b7add4ab76664ba5f49296,
        type: 3}
      propertyPath: m_Name
      value: StickSurface (3)
      objectReference: {fileID: 0}
    m_RemovedComponents: []
  m_SourcePrefab: {fileID: 100100000, guid: 20d61828c4b7add4ab76664ba5f49296, type: 3}
--- !u!4 &3497097891207183152 stripped
Transform:
  m_CorrespondingSourceObject: {fileID: 2213258506049724844, guid: 20d61828c4b7add4ab76664ba5f49296,
    type: 3}
  m_PrefabInstance: {fileID: 3332420605065517724}
  m_PrefabAsset: {fileID: 0}
--- !u!1 &6682327872104950368 stripped
GameObject:
  m_CorrespondingSourceObject: {fileID: 8251517187829707004, guid: 20d61828c4b7add4ab76664ba5f49296,
    type: 3}
  m_PrefabInstance: {fileID: 3332420605065517724}
  m_PrefabAsset: {fileID: 0}
--- !u!1001 &3332420605098352308
PrefabInstance:
  m_ObjectHideFlags: 0
  serializedVersion: 2
  m_Modification:
    m_TransformParent: {fileID: 6469019900163510899}
    m_Modifications:
    - target: {fileID: 372690867108196953, guid: a5667812a91a4574eb04d9598e6ccee2,
        type: 3}
      propertyPath: m_LocalPosition.x
      value: 0
      objectReference: {fileID: 0}
    - target: {fileID: 372690867108196953, guid: a5667812a91a4574eb04d9598e6ccee2,
        type: 3}
      propertyPath: m_LocalPosition.y
      value: 5.28
      objectReference: {fileID: 0}
    - target: {fileID: 372690867108196953, guid: a5667812a91a4574eb04d9598e6ccee2,
        type: 3}
      propertyPath: m_LocalPosition.z
      value: 0
      objectReference: {fileID: 0}
    - target: {fileID: 372690867108196953, guid: a5667812a91a4574eb04d9598e6ccee2,
        type: 3}
      propertyPath: m_LocalRotation.x
      value: 0
      objectReference: {fileID: 0}
    - target: {fileID: 372690867108196953, guid: a5667812a91a4574eb04d9598e6ccee2,
        type: 3}
      propertyPath: m_LocalRotation.y
      value: 0
      objectReference: {fileID: 0}
    - target: {fileID: 372690867108196953, guid: a5667812a91a4574eb04d9598e6ccee2,
        type: 3}
      propertyPath: m_LocalRotation.z
      value: 0
      objectReference: {fileID: 0}
    - target: {fileID: 372690867108196953, guid: a5667812a91a4574eb04d9598e6ccee2,
        type: 3}
      propertyPath: m_LocalRotation.w
      value: 1
      objectReference: {fileID: 0}
    - target: {fileID: 372690867108196953, guid: a5667812a91a4574eb04d9598e6ccee2,
        type: 3}
      propertyPath: m_RootOrder
      value: 5
      objectReference: {fileID: 0}
    - target: {fileID: 372690867108196953, guid: a5667812a91a4574eb04d9598e6ccee2,
        type: 3}
      propertyPath: m_LocalEulerAnglesHint.x
      value: 0
      objectReference: {fileID: 0}
    - target: {fileID: 372690867108196953, guid: a5667812a91a4574eb04d9598e6ccee2,
        type: 3}
      propertyPath: m_LocalEulerAnglesHint.y
      value: 0
      objectReference: {fileID: 0}
    - target: {fileID: 372690867108196953, guid: a5667812a91a4574eb04d9598e6ccee2,
        type: 3}
      propertyPath: m_LocalEulerAnglesHint.z
      value: 0
      objectReference: {fileID: 0}
    - target: {fileID: 372690867108196953, guid: a5667812a91a4574eb04d9598e6ccee2,
        type: 3}
      propertyPath: m_LocalScale.x
      value: 1
      objectReference: {fileID: 0}
    - target: {fileID: 372690867108196953, guid: a5667812a91a4574eb04d9598e6ccee2,
        type: 3}
      propertyPath: m_LocalScale.y
      value: 1
      objectReference: {fileID: 0}
    - target: {fileID: 1168150142124539870, guid: a5667812a91a4574eb04d9598e6ccee2,
        type: 3}
      propertyPath: degreesToRotate
      value: -30
      objectReference: {fileID: 0}
    - target: {fileID: 1168150142124539870, guid: a5667812a91a4574eb04d9598e6ccee2,
        type: 3}
      propertyPath: overrideRotation
      value: 1
      objectReference: {fileID: 0}
    - target: {fileID: 1168150142124539870, guid: a5667812a91a4574eb04d9598e6ccee2,
        type: 3}
      propertyPath: overrideSpeed
      value: 1
      objectReference: {fileID: 0}
    - target: {fileID: 1168150142124539870, guid: a5667812a91a4574eb04d9598e6ccee2,
        type: 3}
      propertyPath: durationOfMovementToNextPoint
      value: 0.5
      objectReference: {fileID: 0}
    - target: {fileID: 3847994394872238151, guid: a5667812a91a4574eb04d9598e6ccee2,
        type: 3}
      propertyPath: m_Name
      value: Point1 (2)
      objectReference: {fileID: 0}
    m_RemovedComponents: []
  m_SourcePrefab: {fileID: 100100000, guid: a5667812a91a4574eb04d9598e6ccee2, type: 3}
--- !u!1001 &3332420605102797571
PrefabInstance:
  m_ObjectHideFlags: 0
  serializedVersion: 2
  m_Modification:
    m_TransformParent: {fileID: 4284830758149768910}
    m_Modifications:
    - target: {fileID: 2213258506049724844, guid: 20d61828c4b7add4ab76664ba5f49296,
        type: 3}
      propertyPath: m_LocalPosition.x
      value: -1.32
      objectReference: {fileID: 0}
    - target: {fileID: 2213258506049724844, guid: 20d61828c4b7add4ab76664ba5f49296,
        type: 3}
      propertyPath: m_LocalPosition.y
      value: 4.962
      objectReference: {fileID: 0}
    - target: {fileID: 2213258506049724844, guid: 20d61828c4b7add4ab76664ba5f49296,
        type: 3}
      propertyPath: m_LocalPosition.z
      value: 0
      objectReference: {fileID: 0}
    - target: {fileID: 2213258506049724844, guid: 20d61828c4b7add4ab76664ba5f49296,
        type: 3}
      propertyPath: m_LocalRotation.x
      value: 0
      objectReference: {fileID: 0}
    - target: {fileID: 2213258506049724844, guid: 20d61828c4b7add4ab76664ba5f49296,
        type: 3}
      propertyPath: m_LocalRotation.y
      value: 0
      objectReference: {fileID: 0}
    - target: {fileID: 2213258506049724844, guid: 20d61828c4b7add4ab76664ba5f49296,
        type: 3}
      propertyPath: m_LocalRotation.z
      value: 0.2588191
      objectReference: {fileID: 0}
    - target: {fileID: 2213258506049724844, guid: 20d61828c4b7add4ab76664ba5f49296,
        type: 3}
      propertyPath: m_LocalRotation.w
      value: 0.9659258
      objectReference: {fileID: 0}
    - target: {fileID: 2213258506049724844, guid: 20d61828c4b7add4ab76664ba5f49296,
        type: 3}
      propertyPath: m_RootOrder
      value: 5
      objectReference: {fileID: 0}
    - target: {fileID: 2213258506049724844, guid: 20d61828c4b7add4ab76664ba5f49296,
        type: 3}
      propertyPath: m_LocalEulerAnglesHint.x
      value: 0
      objectReference: {fileID: 0}
    - target: {fileID: 2213258506049724844, guid: 20d61828c4b7add4ab76664ba5f49296,
        type: 3}
      propertyPath: m_LocalEulerAnglesHint.y
      value: 0
      objectReference: {fileID: 0}
    - target: {fileID: 2213258506049724844, guid: 20d61828c4b7add4ab76664ba5f49296,
        type: 3}
      propertyPath: m_LocalEulerAnglesHint.z
      value: 30
      objectReference: {fileID: 0}
    - target: {fileID: 6130291483348346898, guid: 20d61828c4b7add4ab76664ba5f49296,
        type: 3}
      propertyPath: m_Size.x
      value: 3
      objectReference: {fileID: 0}
    - target: {fileID: 6130291483348346898, guid: 20d61828c4b7add4ab76664ba5f49296,
        type: 3}
      propertyPath: m_Size.y
      value: 0.5
      objectReference: {fileID: 0}
    - target: {fileID: 6425267941074423928, guid: 20d61828c4b7add4ab76664ba5f49296,
        type: 3}
      propertyPath: m_SpriteTilingProperty.newSize.x
      value: 3
      objectReference: {fileID: 0}
    - target: {fileID: 6425267941074423928, guid: 20d61828c4b7add4ab76664ba5f49296,
        type: 3}
      propertyPath: m_SpriteTilingProperty.newSize.y
      value: 0.5
      objectReference: {fileID: 0}
    - target: {fileID: 8251517187829707004, guid: 20d61828c4b7add4ab76664ba5f49296,
        type: 3}
      propertyPath: m_Name
      value: StickSurface (5)
      objectReference: {fileID: 0}
    m_RemovedComponents: []
  m_SourcePrefab: {fileID: 100100000, guid: 20d61828c4b7add4ab76664ba5f49296, type: 3}
--- !u!4 &3497097890976535215 stripped
Transform:
  m_CorrespondingSourceObject: {fileID: 2213258506049724844, guid: 20d61828c4b7add4ab76664ba5f49296,
    type: 3}
  m_PrefabInstance: {fileID: 3332420605102797571}
  m_PrefabAsset: {fileID: 0}
--- !u!1 &6682327872344327167 stripped
GameObject:
  m_CorrespondingSourceObject: {fileID: 8251517187829707004, guid: 20d61828c4b7add4ab76664ba5f49296,
    type: 3}
  m_PrefabInstance: {fileID: 3332420605102797571}
  m_PrefabAsset: {fileID: 0}
--- !u!1001 &3332420605198352176
PrefabInstance:
  m_ObjectHideFlags: 0
  serializedVersion: 2
  m_Modification:
    m_TransformParent: {fileID: 4284830758149768910}
    m_Modifications:
    - target: {fileID: 2213258506049724844, guid: 20d61828c4b7add4ab76664ba5f49296,
        type: 3}
      propertyPath: m_LocalPosition.x
      value: 2.286
      objectReference: {fileID: 0}
    - target: {fileID: 2213258506049724844, guid: 20d61828c4b7add4ab76664ba5f49296,
        type: 3}
      propertyPath: m_LocalPosition.y
      value: 3.96
      objectReference: {fileID: 0}
    - target: {fileID: 2213258506049724844, guid: 20d61828c4b7add4ab76664ba5f49296,
        type: 3}
      propertyPath: m_LocalPosition.z
      value: 0
      objectReference: {fileID: 0}
    - target: {fileID: 2213258506049724844, guid: 20d61828c4b7add4ab76664ba5f49296,
        type: 3}
      propertyPath: m_LocalRotation.x
      value: 0
      objectReference: {fileID: 0}
    - target: {fileID: 2213258506049724844, guid: 20d61828c4b7add4ab76664ba5f49296,
        type: 3}
      propertyPath: m_LocalRotation.y
      value: 0
      objectReference: {fileID: 0}
    - target: {fileID: 2213258506049724844, guid: 20d61828c4b7add4ab76664ba5f49296,
        type: 3}
      propertyPath: m_LocalRotation.z
      value: -0.5
      objectReference: {fileID: 0}
    - target: {fileID: 2213258506049724844, guid: 20d61828c4b7add4ab76664ba5f49296,
        type: 3}
      propertyPath: m_LocalRotation.w
      value: 0.8660254
      objectReference: {fileID: 0}
    - target: {fileID: 2213258506049724844, guid: 20d61828c4b7add4ab76664ba5f49296,
        type: 3}
      propertyPath: m_RootOrder
      value: 8
      objectReference: {fileID: 0}
    - target: {fileID: 2213258506049724844, guid: 20d61828c4b7add4ab76664ba5f49296,
        type: 3}
      propertyPath: m_LocalEulerAnglesHint.x
      value: 0
      objectReference: {fileID: 0}
    - target: {fileID: 2213258506049724844, guid: 20d61828c4b7add4ab76664ba5f49296,
        type: 3}
      propertyPath: m_LocalEulerAnglesHint.y
      value: 0
      objectReference: {fileID: 0}
    - target: {fileID: 2213258506049724844, guid: 20d61828c4b7add4ab76664ba5f49296,
        type: 3}
      propertyPath: m_LocalEulerAnglesHint.z
      value: -60
      objectReference: {fileID: 0}
    - target: {fileID: 6130291483348346898, guid: 20d61828c4b7add4ab76664ba5f49296,
        type: 3}
      propertyPath: m_Size.x
      value: 3
      objectReference: {fileID: 0}
    - target: {fileID: 6130291483348346898, guid: 20d61828c4b7add4ab76664ba5f49296,
        type: 3}
      propertyPath: m_Size.y
      value: 0.5
      objectReference: {fileID: 0}
    - target: {fileID: 6425267941074423928, guid: 20d61828c4b7add4ab76664ba5f49296,
        type: 3}
      propertyPath: m_SpriteTilingProperty.newSize.x
      value: 3
      objectReference: {fileID: 0}
    - target: {fileID: 6425267941074423928, guid: 20d61828c4b7add4ab76664ba5f49296,
        type: 3}
      propertyPath: m_SpriteTilingProperty.newSize.y
      value: 0.5
      objectReference: {fileID: 0}
    - target: {fileID: 8251517187829707004, guid: 20d61828c4b7add4ab76664ba5f49296,
        type: 3}
      propertyPath: m_Name
      value: StickSurface (8)
      objectReference: {fileID: 0}
    m_RemovedComponents: []
  m_SourcePrefab: {fileID: 100100000, guid: 20d61828c4b7add4ab76664ba5f49296, type: 3}
--- !u!1 &6682327872240390092 stripped
GameObject:
  m_CorrespondingSourceObject: {fileID: 8251517187829707004, guid: 20d61828c4b7add4ab76664ba5f49296,
    type: 3}
  m_PrefabInstance: {fileID: 3332420605198352176}
  m_PrefabAsset: {fileID: 0}
--- !u!4 &3497097891074186908 stripped
Transform:
  m_CorrespondingSourceObject: {fileID: 2213258506049724844, guid: 20d61828c4b7add4ab76664ba5f49296,
    type: 3}
  m_PrefabInstance: {fileID: 3332420605198352176}
  m_PrefabAsset: {fileID: 0}
--- !u!1001 &5648208582381598645
PrefabInstance:
  m_ObjectHideFlags: 0
  serializedVersion: 2
  m_Modification:
    m_TransformParent: {fileID: 4284830758149768910}
    m_Modifications:
    - target: {fileID: 1703737885775570374, guid: 2e642c9a85b7cf945b494dbce4443015,
        type: 3}
      propertyPath: m_LocalPosition.x
      value: 0
      objectReference: {fileID: 0}
    - target: {fileID: 1703737885775570374, guid: 2e642c9a85b7cf945b494dbce4443015,
        type: 3}
      propertyPath: m_LocalPosition.y
      value: 0
      objectReference: {fileID: 0}
    - target: {fileID: 1703737885775570374, guid: 2e642c9a85b7cf945b494dbce4443015,
        type: 3}
      propertyPath: m_LocalPosition.z
      value: 0
      objectReference: {fileID: 0}
    - target: {fileID: 1703737885775570374, guid: 2e642c9a85b7cf945b494dbce4443015,
        type: 3}
      propertyPath: m_LocalRotation.x
      value: -0
      objectReference: {fileID: 0}
    - target: {fileID: 1703737885775570374, guid: 2e642c9a85b7cf945b494dbce4443015,
        type: 3}
      propertyPath: m_LocalRotation.y
      value: -0
      objectReference: {fileID: 0}
    - target: {fileID: 1703737885775570374, guid: 2e642c9a85b7cf945b494dbce4443015,
        type: 3}
      propertyPath: m_LocalRotation.z
      value: -0
      objectReference: {fileID: 0}
    - target: {fileID: 1703737885775570374, guid: 2e642c9a85b7cf945b494dbce4443015,
        type: 3}
      propertyPath: m_LocalRotation.w
      value: 1
      objectReference: {fileID: 0}
    - target: {fileID: 1703737885775570374, guid: 2e642c9a85b7cf945b494dbce4443015,
        type: 3}
      propertyPath: m_RootOrder
      value: 12
      objectReference: {fileID: 0}
    - target: {fileID: 1703737885775570374, guid: 2e642c9a85b7cf945b494dbce4443015,
        type: 3}
      propertyPath: m_LocalEulerAnglesHint.x
      value: 0
      objectReference: {fileID: 0}
    - target: {fileID: 1703737885775570374, guid: 2e642c9a85b7cf945b494dbce4443015,
        type: 3}
      propertyPath: m_LocalEulerAnglesHint.y
      value: 0
      objectReference: {fileID: 0}
    - target: {fileID: 1703737885775570374, guid: 2e642c9a85b7cf945b494dbce4443015,
        type: 3}
      propertyPath: m_LocalEulerAnglesHint.z
      value: 0
      objectReference: {fileID: 0}
    - target: {fileID: 1703737885775570374, guid: 2e642c9a85b7cf945b494dbce4443015,
        type: 3}
      propertyPath: m_LocalScale.x
      value: 1
      objectReference: {fileID: 0}
    - target: {fileID: 1703737885775570374, guid: 2e642c9a85b7cf945b494dbce4443015,
        type: 3}
      propertyPath: m_LocalScale.y
      value: 1
      objectReference: {fileID: 0}
    - target: {fileID: 3696586383332651073, guid: 2e642c9a85b7cf945b494dbce4443015,
        type: 3}
      propertyPath: degreesToRotate
      value: -30
      objectReference: {fileID: 0}
    - target: {fileID: 3696586383332651073, guid: 2e642c9a85b7cf945b494dbce4443015,
        type: 3}
      propertyPath: overrideRotation
      value: 1
      objectReference: {fileID: 0}
    - target: {fileID: 3696586383332651073, guid: 2e642c9a85b7cf945b494dbce4443015,
        type: 3}
      propertyPath: overrideSpeed
      value: 1
      objectReference: {fileID: 0}
    - target: {fileID: 3696586383332651073, guid: 2e642c9a85b7cf945b494dbce4443015,
        type: 3}
      propertyPath: durationOfMovementToNextPoint
      value: 0.5
      objectReference: {fileID: 0}
    - target: {fileID: 5901624262646948083, guid: 2e642c9a85b7cf945b494dbce4443015,
        type: 3}
      propertyPath: m_Name
      value: PlatformPath
      objectReference: {fileID: 0}
    m_RemovedComponents: []
  m_SourcePrefab: {fileID: 100100000, guid: 2e642c9a85b7cf945b494dbce4443015, type: 3}
--- !u!114 &4169109231392432847 stripped
MonoBehaviour:
  m_CorrespondingSourceObject: {fileID: 8627156386865239418, guid: 2e642c9a85b7cf945b494dbce4443015,
    type: 3}
  m_PrefabInstance: {fileID: 5648208582381598645}
  m_PrefabAsset: {fileID: 0}
  m_GameObject: {fileID: 0}
  m_Enabled: 1
  m_EditorHideFlags: 0
  m_Script: {fileID: 11500000, guid: 8ee42a36d6e340948be45800a7f808be, type: 3}
  m_Name: 
  m_EditorClassIdentifier: 
--- !u!4 &6469019900163510899 stripped
Transform:
  m_CorrespondingSourceObject: {fileID: 1703737885775570374, guid: 2e642c9a85b7cf945b494dbce4443015,
    type: 3}
  m_PrefabInstance: {fileID: 5648208582381598645}
  m_PrefabAsset: {fileID: 0}
--- !u!1001 &7142618286853923775
PrefabInstance:
  m_ObjectHideFlags: 0
  serializedVersion: 2
  m_Modification:
    m_TransformParent: {fileID: 4284830758149768910}
    m_Modifications:
    - target: {fileID: 2213258506049724844, guid: 20d61828c4b7add4ab76664ba5f49296,
        type: 3}
      propertyPath: m_LocalPosition.x
      value: 0
      objectReference: {fileID: 0}
    - target: {fileID: 2213258506049724844, guid: 20d61828c4b7add4ab76664ba5f49296,
        type: 3}
      propertyPath: m_LocalPosition.y
      value: 0
      objectReference: {fileID: 0}
    - target: {fileID: 2213258506049724844, guid: 20d61828c4b7add4ab76664ba5f49296,
        type: 3}
      propertyPath: m_LocalPosition.z
      value: 0
      objectReference: {fileID: 0}
    - target: {fileID: 2213258506049724844, guid: 20d61828c4b7add4ab76664ba5f49296,
        type: 3}
      propertyPath: m_LocalRotation.x
      value: 0
      objectReference: {fileID: 0}
    - target: {fileID: 2213258506049724844, guid: 20d61828c4b7add4ab76664ba5f49296,
        type: 3}
      propertyPath: m_LocalRotation.y
      value: 0
      objectReference: {fileID: 0}
    - target: {fileID: 2213258506049724844, guid: 20d61828c4b7add4ab76664ba5f49296,
        type: 3}
      propertyPath: m_LocalRotation.z
      value: 0
      objectReference: {fileID: 0}
    - target: {fileID: 2213258506049724844, guid: 20d61828c4b7add4ab76664ba5f49296,
        type: 3}
      propertyPath: m_LocalRotation.w
      value: 1
      objectReference: {fileID: 0}
    - target: {fileID: 2213258506049724844, guid: 20d61828c4b7add4ab76664ba5f49296,
        type: 3}
      propertyPath: m_RootOrder
      value: 0
      objectReference: {fileID: 0}
    - target: {fileID: 2213258506049724844, guid: 20d61828c4b7add4ab76664ba5f49296,
        type: 3}
      propertyPath: m_LocalEulerAnglesHint.x
      value: 0
      objectReference: {fileID: 0}
    - target: {fileID: 2213258506049724844, guid: 20d61828c4b7add4ab76664ba5f49296,
        type: 3}
      propertyPath: m_LocalEulerAnglesHint.y
      value: 0
      objectReference: {fileID: 0}
    - target: {fileID: 2213258506049724844, guid: 20d61828c4b7add4ab76664ba5f49296,
        type: 3}
      propertyPath: m_LocalEulerAnglesHint.z
      value: 0
      objectReference: {fileID: 0}
    - target: {fileID: 6130291483348346898, guid: 20d61828c4b7add4ab76664ba5f49296,
        type: 3}
      propertyPath: m_Size.x
      value: 3
      objectReference: {fileID: 0}
    - target: {fileID: 6130291483348346898, guid: 20d61828c4b7add4ab76664ba5f49296,
        type: 3}
      propertyPath: m_Size.y
      value: 0.5
      objectReference: {fileID: 0}
    - target: {fileID: 6425267941074423928, guid: 20d61828c4b7add4ab76664ba5f49296,
        type: 3}
      propertyPath: m_SpriteTilingProperty.newSize.x
      value: 3
      objectReference: {fileID: 0}
    - target: {fileID: 6425267941074423928, guid: 20d61828c4b7add4ab76664ba5f49296,
        type: 3}
      propertyPath: m_SpriteTilingProperty.newSize.y
      value: 0.5
      objectReference: {fileID: 0}
    - target: {fileID: 8251517187829707004, guid: 20d61828c4b7add4ab76664ba5f49296,
        type: 3}
      propertyPath: m_Name
      value: StickSurface
      objectReference: {fileID: 0}
    m_RemovedComponents: []
  m_SourcePrefab: {fileID: 100100000, guid: 20d61828c4b7add4ab76664ba5f49296, type: 3}
--- !u!1 &1269146845481636675 stripped
GameObject:
  m_CorrespondingSourceObject: {fileID: 8251517187829707004, guid: 20d61828c4b7add4ab76664ba5f49296,
    type: 3}
  m_PrefabInstance: {fileID: 7142618286853923775}
  m_PrefabAsset: {fileID: 0}
--- !u!4 &9054697742916878867 stripped
Transform:
  m_CorrespondingSourceObject: {fileID: 2213258506049724844, guid: 20d61828c4b7add4ab76664ba5f49296,
    type: 3}
  m_PrefabInstance: {fileID: 7142618286853923775}
  m_PrefabAsset: {fileID: 0}
--- !u!1001 &7948399669097037653
PrefabInstance:
  m_ObjectHideFlags: 0
  serializedVersion: 2
  m_Modification:
    m_TransformParent: {fileID: 6469019900163510899}
    m_Modifications:
    - target: {fileID: 372690867108196953, guid: a5667812a91a4574eb04d9598e6ccee2,
        type: 3}
      propertyPath: m_LocalPosition.x
      value: -1.32
      objectReference: {fileID: 0}
    - target: {fileID: 372690867108196953, guid: a5667812a91a4574eb04d9598e6ccee2,
        type: 3}
      propertyPath: m_LocalPosition.y
      value: 0.354
      objectReference: {fileID: 0}
    - target: {fileID: 372690867108196953, guid: a5667812a91a4574eb04d9598e6ccee2,
        type: 3}
      propertyPath: m_LocalPosition.z
      value: 0
      objectReference: {fileID: 0}
    - target: {fileID: 372690867108196953, guid: a5667812a91a4574eb04d9598e6ccee2,
        type: 3}
      propertyPath: m_LocalRotation.x
      value: 0
      objectReference: {fileID: 0}
    - target: {fileID: 372690867108196953, guid: a5667812a91a4574eb04d9598e6ccee2,
        type: 3}
      propertyPath: m_LocalRotation.y
      value: 0
      objectReference: {fileID: 0}
    - target: {fileID: 372690867108196953, guid: a5667812a91a4574eb04d9598e6ccee2,
        type: 3}
      propertyPath: m_LocalRotation.z
      value: 0
      objectReference: {fileID: 0}
    - target: {fileID: 372690867108196953, guid: a5667812a91a4574eb04d9598e6ccee2,
        type: 3}
      propertyPath: m_LocalRotation.w
      value: 1
      objectReference: {fileID: 0}
    - target: {fileID: 372690867108196953, guid: a5667812a91a4574eb04d9598e6ccee2,
        type: 3}
      propertyPath: m_RootOrder
      value: 0
      objectReference: {fileID: 0}
    - target: {fileID: 372690867108196953, guid: a5667812a91a4574eb04d9598e6ccee2,
        type: 3}
      propertyPath: m_LocalEulerAnglesHint.x
      value: 0
      objectReference: {fileID: 0}
    - target: {fileID: 372690867108196953, guid: a5667812a91a4574eb04d9598e6ccee2,
        type: 3}
      propertyPath: m_LocalEulerAnglesHint.y
      value: 0
      objectReference: {fileID: 0}
    - target: {fileID: 372690867108196953, guid: a5667812a91a4574eb04d9598e6ccee2,
        type: 3}
      propertyPath: m_LocalEulerAnglesHint.z
      value: 0
      objectReference: {fileID: 0}
    - target: {fileID: 372690867108196953, guid: a5667812a91a4574eb04d9598e6ccee2,
        type: 3}
      propertyPath: m_LocalScale.x
      value: 1
      objectReference: {fileID: 0}
    - target: {fileID: 372690867108196953, guid: a5667812a91a4574eb04d9598e6ccee2,
        type: 3}
      propertyPath: m_LocalScale.y
      value: 1
      objectReference: {fileID: 0}
    - target: {fileID: 1168150142124539870, guid: a5667812a91a4574eb04d9598e6ccee2,
        type: 3}
      propertyPath: degreesToRotate
      value: -30
      objectReference: {fileID: 0}
    - target: {fileID: 1168150142124539870, guid: a5667812a91a4574eb04d9598e6ccee2,
        type: 3}
      propertyPath: overrideRotation
      value: 1
      objectReference: {fileID: 0}
    - target: {fileID: 1168150142124539870, guid: a5667812a91a4574eb04d9598e6ccee2,
        type: 3}
      propertyPath: overrideSpeed
      value: 1
      objectReference: {fileID: 0}
    - target: {fileID: 1168150142124539870, guid: a5667812a91a4574eb04d9598e6ccee2,
        type: 3}
      propertyPath: durationOfMovementToNextPoint
      value: 0.5
      objectReference: {fileID: 0}
    - target: {fileID: 3847994394872238151, guid: a5667812a91a4574eb04d9598e6ccee2,
        type: 3}
      propertyPath: m_Name
      value: Point1
      objectReference: {fileID: 0}
    m_RemovedComponents: []
  m_SourcePrefab: {fileID: 100100000, guid: a5667812a91a4574eb04d9598e6ccee2, type: 3}
--- !u!1001 &8163218896497484823
PrefabInstance:
  m_ObjectHideFlags: 0
  serializedVersion: 2
  m_Modification:
    m_TransformParent: {fileID: 6469019900163510899}
    m_Modifications:
    - target: {fileID: 372690867108196953, guid: a5667812a91a4574eb04d9598e6ccee2,
        type: 3}
      propertyPath: m_LocalPosition.x
      value: -2.286
      objectReference: {fileID: 0}
    - target: {fileID: 372690867108196953, guid: a5667812a91a4574eb04d9598e6ccee2,
        type: 3}
      propertyPath: m_LocalPosition.y
      value: 1.32
      objectReference: {fileID: 0}
    - target: {fileID: 372690867108196953, guid: a5667812a91a4574eb04d9598e6ccee2,
        type: 3}
      propertyPath: m_LocalPosition.z
      value: 0
      objectReference: {fileID: 0}
    - target: {fileID: 372690867108196953, guid: a5667812a91a4574eb04d9598e6ccee2,
        type: 3}
      propertyPath: m_LocalRotation.x
      value: 0
      objectReference: {fileID: 0}
    - target: {fileID: 372690867108196953, guid: a5667812a91a4574eb04d9598e6ccee2,
        type: 3}
      propertyPath: m_LocalRotation.y
      value: 0
      objectReference: {fileID: 0}
    - target: {fileID: 372690867108196953, guid: a5667812a91a4574eb04d9598e6ccee2,
        type: 3}
      propertyPath: m_LocalRotation.z
      value: 0
      objectReference: {fileID: 0}
    - target: {fileID: 372690867108196953, guid: a5667812a91a4574eb04d9598e6ccee2,
        type: 3}
      propertyPath: m_LocalRotation.w
      value: 1
      objectReference: {fileID: 0}
    - target: {fileID: 372690867108196953, guid: a5667812a91a4574eb04d9598e6ccee2,
        type: 3}
      propertyPath: m_RootOrder
      value: 1
      objectReference: {fileID: 0}
    - target: {fileID: 372690867108196953, guid: a5667812a91a4574eb04d9598e6ccee2,
        type: 3}
      propertyPath: m_LocalEulerAnglesHint.x
      value: 0
      objectReference: {fileID: 0}
    - target: {fileID: 372690867108196953, guid: a5667812a91a4574eb04d9598e6ccee2,
        type: 3}
      propertyPath: m_LocalEulerAnglesHint.y
      value: 0
      objectReference: {fileID: 0}
    - target: {fileID: 372690867108196953, guid: a5667812a91a4574eb04d9598e6ccee2,
        type: 3}
      propertyPath: m_LocalEulerAnglesHint.z
      value: 0
      objectReference: {fileID: 0}
    - target: {fileID: 372690867108196953, guid: a5667812a91a4574eb04d9598e6ccee2,
        type: 3}
      propertyPath: m_LocalScale.x
      value: 1
      objectReference: {fileID: 0}
    - target: {fileID: 372690867108196953, guid: a5667812a91a4574eb04d9598e6ccee2,
        type: 3}
      propertyPath: m_LocalScale.y
      value: 1
      objectReference: {fileID: 0}
    - target: {fileID: 1168150142124539870, guid: a5667812a91a4574eb04d9598e6ccee2,
        type: 3}
      propertyPath: degreesToRotate
      value: -30
      objectReference: {fileID: 0}
    - target: {fileID: 1168150142124539870, guid: a5667812a91a4574eb04d9598e6ccee2,
        type: 3}
      propertyPath: overrideRotation
      value: 1
      objectReference: {fileID: 0}
    - target: {fileID: 1168150142124539870, guid: a5667812a91a4574eb04d9598e6ccee2,
        type: 3}
      propertyPath: overrideSpeed
      value: 1
      objectReference: {fileID: 0}
    - target: {fileID: 1168150142124539870, guid: a5667812a91a4574eb04d9598e6ccee2,
        type: 3}
      propertyPath: durationOfMovementToNextPoint
      value: 0.5
      objectReference: {fileID: 0}
    - target: {fileID: 3847994394872238151, guid: a5667812a91a4574eb04d9598e6ccee2,
        type: 3}
      propertyPath: m_Name
      value: Point2
      objectReference: {fileID: 0}
    m_RemovedComponents: []
  m_SourcePrefab: {fileID: 100100000, guid: a5667812a91a4574eb04d9598e6ccee2, type: 3}
