%YAML 1.1
%TAG !u! tag:unity3d.com,2011:
--- !u!1 &6616953925449827504
GameObject:
  m_ObjectHideFlags: 0
  m_CorrespondingSourceObject: {fileID: 0}
  m_PrefabInstance: {fileID: 0}
  m_PrefabAsset: {fileID: 0}
  serializedVersion: 6
  m_Component:
  - component: {fileID: 6616953925449827506}
  - component: {fileID: 6616953925449827507}
  - component: {fileID: 3955314812594644301}
  m_Layer: 0
  m_Name: Game
  m_TagString: Untagged
  m_Icon: {fileID: 0}
  m_NavMeshLayer: 0
  m_StaticEditorFlags: 0
  m_IsActive: 1
--- !u!4 &6616953925449827506
Transform:
  m_ObjectHideFlags: 0
  m_CorrespondingSourceObject: {fileID: 0}
  m_PrefabInstance: {fileID: 0}
  m_PrefabAsset: {fileID: 0}
  m_GameObject: {fileID: 6616953925449827504}
  m_LocalRotation: {x: 0, y: 0, z: 0, w: 1}
  m_LocalPosition: {x: 0, y: 0, z: 0}
  m_LocalScale: {x: 1, y: 1, z: 1}
  m_Children:
  - {fileID: 2425613407618682301}
  - {fileID: 8658045955633756798}
  m_Father: {fileID: 0}
  m_RootOrder: 0
  m_LocalEulerAnglesHint: {x: 0, y: 0, z: 0}
--- !u!114 &6616953925449827507
MonoBehaviour:
  m_ObjectHideFlags: 0
  m_CorrespondingSourceObject: {fileID: 0}
  m_PrefabInstance: {fileID: 0}
  m_PrefabAsset: {fileID: 0}
  m_GameObject: {fileID: 6616953925449827504}
  m_Enabled: 1
  m_EditorHideFlags: 0
  m_Script: {fileID: 11500000, guid: a39cc730f840d2745ac4180e1edd094b, type: 3}
  m_Name: 
  m_EditorClassIdentifier: 
  defaultWeightless: 0
  levelTitle: Default Level Title
  lineThickness: 15
  ball: {fileID: 8658045955633756798}
  maxLaunchInputDistance: 15
--- !u!120 &3955314812594644301
LineRenderer:
  m_ObjectHideFlags: 0
  m_CorrespondingSourceObject: {fileID: 0}
  m_PrefabInstance: {fileID: 0}
  m_PrefabAsset: {fileID: 0}
  m_GameObject: {fileID: 6616953925449827504}
  m_Enabled: 0
  m_CastShadows: 1
  m_ReceiveShadows: 1
  m_DynamicOccludee: 1
  m_MotionVectors: 0
  m_LightProbeUsage: 0
  m_ReflectionProbeUsage: 0
  m_RayTracingMode: 0
  m_RayTraceProcedural: 0
  m_RenderingLayerMask: 1
  m_RendererPriority: 0
  m_Materials:
  - {fileID: 2100000, guid: 4aae71045430549dba1d4302642d8ade, type: 2}
  m_StaticBatchInfo:
    firstSubMesh: 0
    subMeshCount: 0
  m_StaticBatchRoot: {fileID: 0}
  m_ProbeAnchor: {fileID: 0}
  m_LightProbeVolumeOverride: {fileID: 0}
  m_ScaleInLightmap: 1
  m_ReceiveGI: 1
  m_PreserveUVs: 0
  m_IgnoreNormalsForChartDetection: 0
  m_ImportantGI: 0
  m_StitchLightmapSeams: 1
  m_SelectedEditorRenderState: 3
  m_MinimumChartSize: 4
  m_AutoUVMaxDistance: 0.5
  m_AutoUVMaxAngle: 89
  m_LightmapParameters: {fileID: 0}
  m_SortingLayerID: -1865240267
  m_SortingLayer: 3
  m_SortingOrder: 99
  m_Positions:
  - {x: -0.46531895, y: 1.0627655, z: -2.5429688}
  - {x: -0.46531895, y: 1.0627655, z: -2.5429688}
  m_Parameters:
    serializedVersion: 3
    widthMultiplier: 1
    widthCurve:
      serializedVersion: 2
      m_Curve:
      - serializedVersion: 3
        time: 0.0065345764
        value: 1
        inSlope: 0
        outSlope: 0
        tangentMode: 0
        weightedMode: 0
        inWeight: 0.33333334
        outWeight: 0.33333334
      m_PreInfinity: 2
      m_PostInfinity: 2
      m_RotationOrder: 4
    colorGradient:
      serializedVersion: 2
      key0: {r: 0.33962262, g: 0.09451762, b: 0.09451762, a: 1}
      key1: {r: 1, g: 1, b: 1, a: 1}
      key2: {r: 0, g: 0, b: 0, a: 0}
      key3: {r: 0, g: 0, b: 0, a: 0}
      key4: {r: 0, g: 0, b: 0, a: 0}
      key5: {r: 0, g: 0, b: 0, a: 0}
      key6: {r: 0, g: 0, b: 0, a: 0}
      key7: {r: 0, g: 0, b: 0, a: 0}
      ctime0: 0
      ctime1: 65535
      ctime2: 0
      ctime3: 0
      ctime4: 0
      ctime5: 0
      ctime6: 0
      ctime7: 0
      atime0: 0
      atime1: 65535
      atime2: 0
      atime3: 0
      atime4: 0
      atime5: 0
      atime6: 0
      atime7: 0
      m_Mode: 0
      m_NumColorKeys: 2
      m_NumAlphaKeys: 2
    numCornerVertices: 0
    numCapVertices: 0
    alignment: 0
    textureMode: 0
    shadowBias: 0.5
    generateLightingData: 0
  m_UseWorldSpace: 1
  m_Loop: 0
--- !u!1001 &484781025996292201
PrefabInstance:
  m_ObjectHideFlags: 0
  serializedVersion: 2
  m_Modification:
    m_TransformParent: {fileID: 6616953925449827506}
    m_Modifications:
    - target: {fileID: -8984919442497715958, guid: cd4c841ba4e77ff4889fb1e650cb4a6e,
        type: 3}
      propertyPath: game
      value: 
      objectReference: {fileID: 6616953925449827507}
    - target: {fileID: 2815817722063130068, guid: cd4c841ba4e77ff4889fb1e650cb4a6e,
        type: 3}
      propertyPath: m_LocalPosition.x
      value: 4.75
      objectReference: {fileID: 0}
    - target: {fileID: 2815817722063130068, guid: cd4c841ba4e77ff4889fb1e650cb4a6e,
        type: 3}
      propertyPath: m_LocalPosition.y
      value: 0.78
      objectReference: {fileID: 0}
    - target: {fileID: 2815817722063130068, guid: cd4c841ba4e77ff4889fb1e650cb4a6e,
        type: 3}
      propertyPath: m_LocalPosition.z
      value: 0
      objectReference: {fileID: 0}
    - target: {fileID: 2815817722063130068, guid: cd4c841ba4e77ff4889fb1e650cb4a6e,
        type: 3}
      propertyPath: m_LocalRotation.x
      value: 0
      objectReference: {fileID: 0}
    - target: {fileID: 2815817722063130068, guid: cd4c841ba4e77ff4889fb1e650cb4a6e,
        type: 3}
      propertyPath: m_LocalRotation.y
      value: 0
      objectReference: {fileID: 0}
    - target: {fileID: 2815817722063130068, guid: cd4c841ba4e77ff4889fb1e650cb4a6e,
        type: 3}
      propertyPath: m_LocalRotation.z
      value: 0
      objectReference: {fileID: 0}
    - target: {fileID: 2815817722063130068, guid: cd4c841ba4e77ff4889fb1e650cb4a6e,
        type: 3}
      propertyPath: m_LocalRotation.w
      value: 1
      objectReference: {fileID: 0}
    - target: {fileID: 2815817722063130068, guid: cd4c841ba4e77ff4889fb1e650cb4a6e,
        type: 3}
      propertyPath: m_RootOrder
      value: 0
      objectReference: {fileID: 0}
    - target: {fileID: 2815817722063130068, guid: cd4c841ba4e77ff4889fb1e650cb4a6e,
        type: 3}
      propertyPath: m_LocalEulerAnglesHint.x
      value: 0
      objectReference: {fileID: 0}
    - target: {fileID: 2815817722063130068, guid: cd4c841ba4e77ff4889fb1e650cb4a6e,
        type: 3}
      propertyPath: m_LocalEulerAnglesHint.y
      value: 0
      objectReference: {fileID: 0}
    - target: {fileID: 2815817722063130068, guid: cd4c841ba4e77ff4889fb1e650cb4a6e,
        type: 3}
      propertyPath: m_LocalEulerAnglesHint.z
      value: 0
      objectReference: {fileID: 0}
    - target: {fileID: 2815817722063130070, guid: cd4c841ba4e77ff4889fb1e650cb4a6e,
        type: 3}
      propertyPath: m_Name
      value: EndZone
      objectReference: {fileID: 0}
    - target: {fileID: 2815817722063130071, guid: cd4c841ba4e77ff4889fb1e650cb4a6e,
        type: 3}
      propertyPath: m_SortingOrder
      value: -5
      objectReference: {fileID: 0}
    m_RemovedComponents: []
  m_SourcePrefab: {fileID: 100100000, guid: cd4c841ba4e77ff4889fb1e650cb4a6e, type: 3}
--- !u!4 &2425613407618682301 stripped
Transform:
  m_CorrespondingSourceObject: {fileID: 2815817722063130068, guid: cd4c841ba4e77ff4889fb1e650cb4a6e,
    type: 3}
  m_PrefabInstance: {fileID: 484781025996292201}
  m_PrefabAsset: {fileID: 0}
--- !u!1001 &1158471952391016756
PrefabInstance:
  m_ObjectHideFlags: 0
  serializedVersion: 2
  m_Modification:
    m_TransformParent: {fileID: 6616953925449827506}
    m_Modifications:
    - target: {fileID: 798692891266048764, guid: c5b067985f89bb94fb07e253c2927316,
        type: 3}
      propertyPath: m_LocalScale.x
      value: 0.5
      objectReference: {fileID: 0}
    - target: {fileID: 798692891266048764, guid: c5b067985f89bb94fb07e253c2927316,
        type: 3}
      propertyPath: m_LocalScale.y
      value: 0.5
      objectReference: {fileID: 0}
    - target: {fileID: 7508686913051274036, guid: c5b067985f89bb94fb07e253c2927316,
        type: 3}
      propertyPath: m_Name
      value: Ball
      objectReference: {fileID: 0}
    - target: {fileID: 7508686913051274058, guid: c5b067985f89bb94fb07e253c2927316,
        type: 3}
      propertyPath: m_LocalPosition.x
      value: 0
      objectReference: {fileID: 0}
    - target: {fileID: 7508686913051274058, guid: c5b067985f89bb94fb07e253c2927316,
        type: 3}
      propertyPath: m_LocalPosition.y
      value: 0
      objectReference: {fileID: 0}
    - target: {fileID: 7508686913051274058, guid: c5b067985f89bb94fb07e253c2927316,
        type: 3}
      propertyPath: m_LocalPosition.z
      value: 0
      objectReference: {fileID: 0}
    - target: {fileID: 7508686913051274058, guid: c5b067985f89bb94fb07e253c2927316,
        type: 3}
      propertyPath: m_LocalRotation.x
      value: -0
      objectReference: {fileID: 0}
    - target: {fileID: 7508686913051274058, guid: c5b067985f89bb94fb07e253c2927316,
        type: 3}
      propertyPath: m_LocalRotation.y
      value: -0
      objectReference: {fileID: 0}
    - target: {fileID: 7508686913051274058, guid: c5b067985f89bb94fb07e253c2927316,
        type: 3}
      propertyPath: m_LocalRotation.z
      value: -0
      objectReference: {fileID: 0}
    - target: {fileID: 7508686913051274058, guid: c5b067985f89bb94fb07e253c2927316,
        type: 3}
      propertyPath: m_LocalRotation.w
      value: 1
      objectReference: {fileID: 0}
    - target: {fileID: 7508686913051274058, guid: c5b067985f89bb94fb07e253c2927316,
        type: 3}
      propertyPath: m_RootOrder
      value: 1
      objectReference: {fileID: 0}
    - target: {fileID: 7508686913051274058, guid: c5b067985f89bb94fb07e253c2927316,
        type: 3}
      propertyPath: m_LocalEulerAnglesHint.x
      value: 0
      objectReference: {fileID: 0}
    - target: {fileID: 7508686913051274058, guid: c5b067985f89bb94fb07e253c2927316,
        type: 3}
      propertyPath: m_LocalEulerAnglesHint.y
      value: 0
      objectReference: {fileID: 0}
    - target: {fileID: 7508686913051274058, guid: c5b067985f89bb94fb07e253c2927316,
        type: 3}
      propertyPath: m_LocalEulerAnglesHint.z
      value: 0
      objectReference: {fileID: 0}
    m_RemovedComponents: []
  m_SourcePrefab: {fileID: 100100000, guid: c5b067985f89bb94fb07e253c2927316, type: 3}
--- !u!4 &8658045955633756798 stripped
Transform:
  m_CorrespondingSourceObject: {fileID: 7508686913051274058, guid: c5b067985f89bb94fb07e253c2927316,
    type: 3}
  m_PrefabInstance: {fileID: 1158471952391016756}
  m_PrefabAsset: {fileID: 0}
