%YAML 1.1
%TAG !u! tag:unity3d.com,2011:
--- !u!1 &3541021923202286508
GameObject:
  m_ObjectHideFlags: 0
  m_CorrespondingSourceObject: {fileID: 0}
  m_PrefabInstance: {fileID: 0}
  m_PrefabAsset: {fileID: 0}
  serializedVersion: 6
  m_Component:
  - component: {fileID: 6609235254092279814}
  m_Layer: 0
  m_Name: LaunchedFireball
  m_TagString: Untagged
  m_Icon: {fileID: 0}
  m_NavMeshLayer: 0
  m_StaticEditorFlags: 0
  m_IsActive: 1
--- !u!4 &6609235254092279814
Transform:
  m_ObjectHideFlags: 0
  m_CorrespondingSourceObject: {fileID: 0}
  m_PrefabInstance: {fileID: 0}
  m_PrefabAsset: {fileID: 0}
  m_GameObject: {fileID: 3541021923202286508}
  m_LocalRotation: {x: -0, y: -0, z: -0, w: 1}
  m_LocalPosition: {x: 6.82, y: 3.9722538, z: 0}
  m_LocalScale: {x: 1, y: 1, z: 1}
  m_Children:
  - {fileID: 5657071987849445679}
  - {fileID: 8998034736380939157}
  m_Father: {fileID: 0}
  m_RootOrder: 0
  m_LocalEulerAnglesHint: {x: 0, y: 0, z: 0}
--- !u!1001 &4367715803457384512
PrefabInstance:
  m_ObjectHideFlags: 0
  serializedVersion: 2
  m_Modification:
    m_TransformParent: {fileID: 6609235254092279814}
    m_Modifications:
    - target: {fileID: 4740037936377067040, guid: 5480614fa1eb858418a7d1ad15ff7a0f,
        type: 3}
      propertyPath: m_Name
      value: Fireball
      objectReference: {fileID: 0}
    - target: {fileID: 8222670641178587503, guid: 5480614fa1eb858418a7d1ad15ff7a0f,
        type: 3}
      propertyPath: m_LocalPosition.x
      value: 0
      objectReference: {fileID: 0}
    - target: {fileID: 8222670641178587503, guid: 5480614fa1eb858418a7d1ad15ff7a0f,
        type: 3}
      propertyPath: m_LocalPosition.y
      value: 0
      objectReference: {fileID: 0}
    - target: {fileID: 8222670641178587503, guid: 5480614fa1eb858418a7d1ad15ff7a0f,
        type: 3}
      propertyPath: m_LocalPosition.z
      value: 0
      objectReference: {fileID: 0}
    - target: {fileID: 8222670641178587503, guid: 5480614fa1eb858418a7d1ad15ff7a0f,
        type: 3}
      propertyPath: m_LocalRotation.x
      value: -0
      objectReference: {fileID: 0}
    - target: {fileID: 8222670641178587503, guid: 5480614fa1eb858418a7d1ad15ff7a0f,
        type: 3}
      propertyPath: m_LocalRotation.y
      value: -0
      objectReference: {fileID: 0}
    - target: {fileID: 8222670641178587503, guid: 5480614fa1eb858418a7d1ad15ff7a0f,
        type: 3}
      propertyPath: m_LocalRotation.z
      value: -0
      objectReference: {fileID: 0}
    - target: {fileID: 8222670641178587503, guid: 5480614fa1eb858418a7d1ad15ff7a0f,
        type: 3}
      propertyPath: m_LocalRotation.w
      value: 1
      objectReference: {fileID: 0}
    - target: {fileID: 8222670641178587503, guid: 5480614fa1eb858418a7d1ad15ff7a0f,
        type: 3}
      propertyPath: m_RootOrder
      value: 0
      objectReference: {fileID: 0}
    - target: {fileID: 8222670641178587503, guid: 5480614fa1eb858418a7d1ad15ff7a0f,
        type: 3}
      propertyPath: m_LocalEulerAnglesHint.x
      value: 0
      objectReference: {fileID: 0}
    - target: {fileID: 8222670641178587503, guid: 5480614fa1eb858418a7d1ad15ff7a0f,
        type: 3}
      propertyPath: m_LocalEulerAnglesHint.y
      value: 0
      objectReference: {fileID: 0}
    - target: {fileID: 8222670641178587503, guid: 5480614fa1eb858418a7d1ad15ff7a0f,
        type: 3}
      propertyPath: m_LocalEulerAnglesHint.z
      value: 0
      objectReference: {fileID: 0}
    - target: {fileID: 9028190617922144988, guid: 5480614fa1eb858418a7d1ad15ff7a0f,
        type: 3}
      propertyPath: pathController
      value: 
      objectReference: {fileID: 2072295167460899625}
    m_RemovedComponents: []
  m_SourcePrefab: {fileID: 100100000, guid: 5480614fa1eb858418a7d1ad15ff7a0f, type: 3}
--- !u!4 &5657071987849445679 stripped
Transform:
  m_CorrespondingSourceObject: {fileID: 8222670641178587503, guid: 5480614fa1eb858418a7d1ad15ff7a0f,
    type: 3}
  m_PrefabInstance: {fileID: 4367715803457384512}
  m_PrefabAsset: {fileID: 0}
--- !u!1001 &5634678036720060993
PrefabInstance:
  m_ObjectHideFlags: 0
  serializedVersion: 2
  m_Modification:
    m_TransformParent: {fileID: 8998034736380939157}
    m_Modifications:
    - target: {fileID: 372690867108196953, guid: a5667812a91a4574eb04d9598e6ccee2,
        type: 3}
      propertyPath: m_LocalPosition.x
      value: -4.25
      objectReference: {fileID: 0}
    - target: {fileID: 372690867108196953, guid: a5667812a91a4574eb04d9598e6ccee2,
        type: 3}
      propertyPath: m_LocalPosition.y
      value: -0.38
      objectReference: {fileID: 0}
    - target: {fileID: 372690867108196953, guid: a5667812a91a4574eb04d9598e6ccee2,
        type: 3}
      propertyPath: m_LocalPosition.z
      value: 0
      objectReference: {fileID: 0}
    - target: {fileID: 372690867108196953, guid: a5667812a91a4574eb04d9598e6ccee2,
        type: 3}
      propertyPath: m_LocalRotation.x
      value: 0
      objectReference: {fileID: 0}
    - target: {fileID: 372690867108196953, guid: a5667812a91a4574eb04d9598e6ccee2,
        type: 3}
      propertyPath: m_LocalRotation.y
      value: 0
      objectReference: {fileID: 0}
    - target: {fileID: 372690867108196953, guid: a5667812a91a4574eb04d9598e6ccee2,
        type: 3}
      propertyPath: m_LocalRotation.z
      value: 0
      objectReference: {fileID: 0}
    - target: {fileID: 372690867108196953, guid: a5667812a91a4574eb04d9598e6ccee2,
        type: 3}
      propertyPath: m_LocalRotation.w
      value: 1
      objectReference: {fileID: 0}
    - target: {fileID: 372690867108196953, guid: a5667812a91a4574eb04d9598e6ccee2,
        type: 3}
      propertyPath: m_RootOrder
      value: 0
      objectReference: {fileID: 0}
    - target: {fileID: 372690867108196953, guid: a5667812a91a4574eb04d9598e6ccee2,
        type: 3}
      propertyPath: m_LocalEulerAnglesHint.x
      value: 0
      objectReference: {fileID: 0}
    - target: {fileID: 372690867108196953, guid: a5667812a91a4574eb04d9598e6ccee2,
        type: 3}
      propertyPath: m_LocalEulerAnglesHint.y
      value: 0
      objectReference: {fileID: 0}
    - target: {fileID: 372690867108196953, guid: a5667812a91a4574eb04d9598e6ccee2,
        type: 3}
      propertyPath: m_LocalEulerAnglesHint.z
      value: 0
      objectReference: {fileID: 0}
    - target: {fileID: 3847994394872238151, guid: a5667812a91a4574eb04d9598e6ccee2,
        type: 3}
      propertyPath: m_Name
      value: PathPoint
      objectReference: {fileID: 0}
    m_RemovedComponents: []
  m_SourcePrefab: {fileID: 100100000, guid: a5667812a91a4574eb04d9598e6ccee2, type: 3}
--- !u!1001 &7744947261043093075
PrefabInstance:
  m_ObjectHideFlags: 0
  serializedVersion: 2
  m_Modification:
    m_TransformParent: {fileID: 6609235254092279814}
    m_Modifications:
    - target: {fileID: 1703737885775570374, guid: 2e642c9a85b7cf945b494dbce4443015,
        type: 3}
      propertyPath: m_LocalPosition.x
      value: 0
      objectReference: {fileID: 0}
    - target: {fileID: 1703737885775570374, guid: 2e642c9a85b7cf945b494dbce4443015,
        type: 3}
      propertyPath: m_LocalPosition.y
      value: 0
      objectReference: {fileID: 0}
    - target: {fileID: 1703737885775570374, guid: 2e642c9a85b7cf945b494dbce4443015,
        type: 3}
      propertyPath: m_LocalPosition.z
      value: 0
      objectReference: {fileID: 0}
    - target: {fileID: 1703737885775570374, guid: 2e642c9a85b7cf945b494dbce4443015,
        type: 3}
      propertyPath: m_LocalRotation.x
      value: -0
      objectReference: {fileID: 0}
    - target: {fileID: 1703737885775570374, guid: 2e642c9a85b7cf945b494dbce4443015,
        type: 3}
      propertyPath: m_LocalRotation.y
      value: -0
      objectReference: {fileID: 0}
    - target: {fileID: 1703737885775570374, guid: 2e642c9a85b7cf945b494dbce4443015,
        type: 3}
      propertyPath: m_LocalRotation.z
      value: -0
      objectReference: {fileID: 0}
    - target: {fileID: 1703737885775570374, guid: 2e642c9a85b7cf945b494dbce4443015,
        type: 3}
      propertyPath: m_LocalRotation.w
      value: 1
      objectReference: {fileID: 0}
    - target: {fileID: 1703737885775570374, guid: 2e642c9a85b7cf945b494dbce4443015,
        type: 3}
      propertyPath: m_RootOrder
      value: 1
      objectReference: {fileID: 0}
    - target: {fileID: 1703737885775570374, guid: 2e642c9a85b7cf945b494dbce4443015,
        type: 3}
      propertyPath: m_LocalEulerAnglesHint.x
      value: 0
      objectReference: {fileID: 0}
    - target: {fileID: 1703737885775570374, guid: 2e642c9a85b7cf945b494dbce4443015,
        type: 3}
      propertyPath: m_LocalEulerAnglesHint.y
      value: 0
      objectReference: {fileID: 0}
    - target: {fileID: 1703737885775570374, guid: 2e642c9a85b7cf945b494dbce4443015,
        type: 3}
      propertyPath: m_LocalEulerAnglesHint.z
      value: 0
      objectReference: {fileID: 0}
    - target: {fileID: 5901624262646948083, guid: 2e642c9a85b7cf945b494dbce4443015,
        type: 3}
      propertyPath: m_Name
      value: PlatformPath
      objectReference: {fileID: 0}
    m_RemovedComponents: []
  m_SourcePrefab: {fileID: 100100000, guid: 2e642c9a85b7cf945b494dbce4443015, type: 3}
--- !u!4 &8998034736380939157 stripped
Transform:
  m_CorrespondingSourceObject: {fileID: 1703737885775570374, guid: 2e642c9a85b7cf945b494dbce4443015,
    type: 3}
  m_PrefabInstance: {fileID: 7744947261043093075}
  m_PrefabAsset: {fileID: 0}
--- !u!114 &2072295167460899625 stripped
MonoBehaviour:
  m_CorrespondingSourceObject: {fileID: 8627156386865239418, guid: 2e642c9a85b7cf945b494dbce4443015,
    type: 3}
  m_PrefabInstance: {fileID: 7744947261043093075}
  m_PrefabAsset: {fileID: 0}
  m_GameObject: {fileID: 0}
  m_Enabled: 1
  m_EditorHideFlags: 0
  m_Script: {fileID: 11500000, guid: 8ee42a36d6e340948be45800a7f808be, type: 3}
  m_Name: 
  m_EditorClassIdentifier: 
