%YAML 1.1
%TAG !u! tag:unity3d.com,2011:
--- !u!235 &8613867379346171603
WheelJoint2D:
  m_ObjectHideFlags: 0
  m_CorrespondingSourceObject: {fileID: 0}
  m_PrefabInstance: {fileID: 0}
  m_PrefabAsset: {fileID: 0}
  m_GameObject: {fileID: 426071987882420132}
  m_Enabled: 1
  serializedVersion: 4
  m_EnableCollision: 0
  m_ConnectedRigidBody: {fileID: 7705798896308440405}
  m_BreakForce: Infinity
  m_BreakTorque: Infinity
  m_AutoConfigureConnectedAnchor: 1
  m_Anchor: {x: 0, y: 0}
  m_ConnectedAnchor: {x: 0, y: 0}
  m_Suspension:
    m_DampingRatio: 1
    m_Frequency: 2
    m_Angle: 90
  m_UseMotor: 0
  m_Motor:
    m_MotorSpeed: 0
    m_MaximumMotorForce: 10000
--- !u!114 &2916093915136498699
MonoBehaviour:
  m_ObjectHideFlags: 0
  m_CorrespondingSourceObject: {fileID: 0}
  m_PrefabInstance: {fileID: 0}
  m_PrefabAsset: {fileID: 0}
  m_GameObject: {fileID: 426071987882420132}
  m_Enabled: 1
  m_EditorHideFlags: 0
  m_Script: {fileID: 11500000, guid: 87e32b5ac8c0c844781f8339c686513b, type: 3}
  m_Name: 
  m_EditorClassIdentifier: 
  pathController: {fileID: 14438478045283305}
  speed: 1
  rotationalSpeed: 0
  pathIndex: 0
  freeRotation: 1
--- !u!1 &1936658275832072235
GameObject:
  m_ObjectHideFlags: 0
  m_CorrespondingSourceObject: {fileID: 0}
  m_PrefabInstance: {fileID: 0}
  m_PrefabAsset: {fileID: 0}
  serializedVersion: 6
  m_Component:
  - component: {fileID: 1582201789667325010}
  m_Layer: 0
  m_Name: MovingSpinnerNonStick
  m_TagString: Untagged
  m_Icon: {fileID: 0}
  m_NavMeshLayer: 0
  m_StaticEditorFlags: 0
  m_IsActive: 1
--- !u!4 &1582201789667325010
Transform:
  m_ObjectHideFlags: 0
  m_CorrespondingSourceObject: {fileID: 0}
  m_PrefabInstance: {fileID: 0}
  m_PrefabAsset: {fileID: 0}
  m_GameObject: {fileID: 1936658275832072235}
  m_LocalRotation: {x: 0, y: 0, z: 0, w: 1}
  m_LocalPosition: {x: 4, y: -6.148912, z: 0}
  m_LocalScale: {x: 1, y: 1, z: 1}
  m_Children:
  - {fileID: 7628504016679597812}
  - {fileID: 5992995217255657615}
  - {fileID: 8594356455717019887}
  m_Father: {fileID: 0}
  m_RootOrder: 0
  m_LocalEulerAnglesHint: {x: 0, y: 0, z: 0}
--- !u!114 &2663275118121399368
MonoBehaviour:
  m_ObjectHideFlags: 0
  m_CorrespondingSourceObject: {fileID: 0}
  m_PrefabInstance: {fileID: 0}
  m_PrefabAsset: {fileID: 0}
  m_GameObject: {fileID: 4548407675343954399}
  m_Enabled: 1
  m_EditorHideFlags: 0
  m_Script: {fileID: 11500000, guid: 87e32b5ac8c0c844781f8339c686513b, type: 3}
  m_Name: 
  m_EditorClassIdentifier: 
  pathController: {fileID: 1682231055895384147}
  speed: 1
  rotationalSpeed: 0
  pathIndex: 0
  freeRotation: 0
--- !u!1001 &4669592454149213641
PrefabInstance:
  m_ObjectHideFlags: 0
  serializedVersion: 2
  m_Modification:
    m_TransformParent: {fileID: 8594356455717019887}
    m_Modifications:
    - target: {fileID: 372690867108196953, guid: a5667812a91a4574eb04d9598e6ccee2,
        type: 3}
      propertyPath: m_LocalPosition.x
      value: -8
      objectReference: {fileID: 0}
    - target: {fileID: 372690867108196953, guid: a5667812a91a4574eb04d9598e6ccee2,
        type: 3}
      propertyPath: m_LocalPosition.y
      value: 0
      objectReference: {fileID: 0}
    - target: {fileID: 372690867108196953, guid: a5667812a91a4574eb04d9598e6ccee2,
        type: 3}
      propertyPath: m_LocalPosition.z
      value: 0
      objectReference: {fileID: 0}
    - target: {fileID: 372690867108196953, guid: a5667812a91a4574eb04d9598e6ccee2,
        type: 3}
      propertyPath: m_LocalRotation.x
      value: 0
      objectReference: {fileID: 0}
    - target: {fileID: 372690867108196953, guid: a5667812a91a4574eb04d9598e6ccee2,
        type: 3}
      propertyPath: m_LocalRotation.y
      value: 0
      objectReference: {fileID: 0}
    - target: {fileID: 372690867108196953, guid: a5667812a91a4574eb04d9598e6ccee2,
        type: 3}
      propertyPath: m_LocalRotation.z
      value: 0
      objectReference: {fileID: 0}
    - target: {fileID: 372690867108196953, guid: a5667812a91a4574eb04d9598e6ccee2,
        type: 3}
      propertyPath: m_LocalRotation.w
      value: 1
      objectReference: {fileID: 0}
    - target: {fileID: 372690867108196953, guid: a5667812a91a4574eb04d9598e6ccee2,
        type: 3}
      propertyPath: m_RootOrder
      value: 0
      objectReference: {fileID: 0}
    - target: {fileID: 372690867108196953, guid: a5667812a91a4574eb04d9598e6ccee2,
        type: 3}
      propertyPath: m_LocalEulerAnglesHint.x
      value: 0
      objectReference: {fileID: 0}
    - target: {fileID: 372690867108196953, guid: a5667812a91a4574eb04d9598e6ccee2,
        type: 3}
      propertyPath: m_LocalEulerAnglesHint.y
      value: 0
      objectReference: {fileID: 0}
    - target: {fileID: 372690867108196953, guid: a5667812a91a4574eb04d9598e6ccee2,
        type: 3}
      propertyPath: m_LocalEulerAnglesHint.z
      value: 0
      objectReference: {fileID: 0}
    - target: {fileID: 3847994394872238151, guid: a5667812a91a4574eb04d9598e6ccee2,
        type: 3}
      propertyPath: m_Name
      value: Point1
      objectReference: {fileID: 0}
    - target: {fileID: 8823964749292666321, guid: a5667812a91a4574eb04d9598e6ccee2,
        type: 3}
      propertyPath: m_Enabled
      value: 0
      objectReference: {fileID: 0}
    m_RemovedComponents: []
  m_SourcePrefab: {fileID: 100100000, guid: a5667812a91a4574eb04d9598e6ccee2, type: 3}
--- !u!1001 &5592476260335341859
PrefabInstance:
  m_ObjectHideFlags: 0
  serializedVersion: 2
  m_Modification:
    m_TransformParent: {fileID: 1582201789667325010}
    m_Modifications:
    - target: {fileID: 2213258506049724844, guid: 20d61828c4b7add4ab76664ba5f49296,
        type: 3}
      propertyPath: m_LocalPosition.x
      value: 0
      objectReference: {fileID: 0}
    - target: {fileID: 2213258506049724844, guid: 20d61828c4b7add4ab76664ba5f49296,
        type: 3}
      propertyPath: m_LocalPosition.y
      value: 0
      objectReference: {fileID: 0}
    - target: {fileID: 2213258506049724844, guid: 20d61828c4b7add4ab76664ba5f49296,
        type: 3}
      propertyPath: m_LocalPosition.z
      value: 0
      objectReference: {fileID: 0}
    - target: {fileID: 2213258506049724844, guid: 20d61828c4b7add4ab76664ba5f49296,
        type: 3}
      propertyPath: m_LocalRotation.x
      value: 0
      objectReference: {fileID: 0}
    - target: {fileID: 2213258506049724844, guid: 20d61828c4b7add4ab76664ba5f49296,
        type: 3}
      propertyPath: m_LocalRotation.y
      value: 0
      objectReference: {fileID: 0}
    - target: {fileID: 2213258506049724844, guid: 20d61828c4b7add4ab76664ba5f49296,
        type: 3}
      propertyPath: m_LocalRotation.z
      value: 0
      objectReference: {fileID: 0}
    - target: {fileID: 2213258506049724844, guid: 20d61828c4b7add4ab76664ba5f49296,
        type: 3}
      propertyPath: m_LocalRotation.w
      value: 1
      objectReference: {fileID: 0}
    - target: {fileID: 2213258506049724844, guid: 20d61828c4b7add4ab76664ba5f49296,
        type: 3}
      propertyPath: m_RootOrder
      value: 1
      objectReference: {fileID: 0}
    - target: {fileID: 2213258506049724844, guid: 20d61828c4b7add4ab76664ba5f49296,
        type: 3}
      propertyPath: m_LocalEulerAnglesHint.x
      value: 0
      objectReference: {fileID: 0}
    - target: {fileID: 2213258506049724844, guid: 20d61828c4b7add4ab76664ba5f49296,
        type: 3}
      propertyPath: m_LocalEulerAnglesHint.y
      value: 0
      objectReference: {fileID: 0}
    - target: {fileID: 2213258506049724844, guid: 20d61828c4b7add4ab76664ba5f49296,
        type: 3}
      propertyPath: m_LocalEulerAnglesHint.z
      value: 0
      objectReference: {fileID: 0}
    - target: {fileID: 6130291483348346898, guid: 20d61828c4b7add4ab76664ba5f49296,
        type: 3}
      propertyPath: m_Size.x
      value: 0.1
      objectReference: {fileID: 0}
    - target: {fileID: 6130291483348346898, guid: 20d61828c4b7add4ab76664ba5f49296,
        type: 3}
      propertyPath: m_Size.y
      value: 0.1
      objectReference: {fileID: 0}
    - target: {fileID: 6425267941074423928, guid: 20d61828c4b7add4ab76664ba5f49296,
        type: 3}
      propertyPath: m_IsTrigger
      value: 1
      objectReference: {fileID: 0}
    - target: {fileID: 6425267941074423928, guid: 20d61828c4b7add4ab76664ba5f49296,
        type: 3}
      propertyPath: m_SpriteTilingProperty.newSize.x
      value: 0.1
      objectReference: {fileID: 0}
    - target: {fileID: 6425267941074423928, guid: 20d61828c4b7add4ab76664ba5f49296,
        type: 3}
      propertyPath: m_SpriteTilingProperty.newSize.y
      value: 0.1
      objectReference: {fileID: 0}
    - target: {fileID: 8251517187829707004, guid: 20d61828c4b7add4ab76664ba5f49296,
        type: 3}
      propertyPath: m_Name
      value: Pivot
      objectReference: {fileID: 0}
    - target: {fileID: 8251517187829707004, guid: 20d61828c4b7add4ab76664ba5f49296,
        type: 3}
      propertyPath: m_TagString
      value: NoSquish
      objectReference: {fileID: 0}
    m_RemovedComponents: []
  m_SourcePrefab: {fileID: 100100000, guid: 20d61828c4b7add4ab76664ba5f49296, type: 3}
--- !u!1 &4548407675343954399 stripped
GameObject:
  m_CorrespondingSourceObject: {fileID: 8251517187829707004, guid: 20d61828c4b7add4ab76664ba5f49296,
    type: 3}
  m_PrefabInstance: {fileID: 5592476260335341859}
  m_PrefabAsset: {fileID: 0}
--- !u!4 &5992995217255657615 stripped
Transform:
  m_CorrespondingSourceObject: {fileID: 2213258506049724844, guid: 20d61828c4b7add4ab76664ba5f49296,
    type: 3}
  m_PrefabInstance: {fileID: 5592476260335341859}
  m_PrefabAsset: {fileID: 0}
--- !u!50 &7705798896308440405 stripped
Rigidbody2D:
  m_CorrespondingSourceObject: {fileID: 2840655101613841526, guid: 20d61828c4b7add4ab76664ba5f49296,
    type: 3}
  m_PrefabInstance: {fileID: 5592476260335341859}
  m_PrefabAsset: {fileID: 0}
--- !u!1001 &6981051378934089001
PrefabInstance:
  m_ObjectHideFlags: 0
  serializedVersion: 2
  m_Modification:
    m_TransformParent: {fileID: 1582201789667325010}
    m_Modifications:
    - target: {fileID: 1024715076865980261, guid: 2e642c9a85b7cf945b494dbce4443015,
        type: 3}
      propertyPath: m_SortingOrder
      value: 1
      objectReference: {fileID: 0}
    - target: {fileID: 1024715076865980261, guid: 2e642c9a85b7cf945b494dbce4443015,
        type: 3}
      propertyPath: m_Enabled
      value: 0
      objectReference: {fileID: 0}
    - target: {fileID: 1703737885775570374, guid: 2e642c9a85b7cf945b494dbce4443015,
        type: 3}
      propertyPath: m_LocalPosition.x
      value: 0
      objectReference: {fileID: 0}
    - target: {fileID: 1703737885775570374, guid: 2e642c9a85b7cf945b494dbce4443015,
        type: 3}
      propertyPath: m_LocalPosition.y
      value: 0
      objectReference: {fileID: 0}
    - target: {fileID: 1703737885775570374, guid: 2e642c9a85b7cf945b494dbce4443015,
        type: 3}
      propertyPath: m_LocalPosition.z
      value: 0
      objectReference: {fileID: 0}
    - target: {fileID: 1703737885775570374, guid: 2e642c9a85b7cf945b494dbce4443015,
        type: 3}
      propertyPath: m_LocalRotation.x
      value: -0
      objectReference: {fileID: 0}
    - target: {fileID: 1703737885775570374, guid: 2e642c9a85b7cf945b494dbce4443015,
        type: 3}
      propertyPath: m_LocalRotation.y
      value: -0
      objectReference: {fileID: 0}
    - target: {fileID: 1703737885775570374, guid: 2e642c9a85b7cf945b494dbce4443015,
        type: 3}
      propertyPath: m_LocalRotation.z
      value: -0
      objectReference: {fileID: 0}
    - target: {fileID: 1703737885775570374, guid: 2e642c9a85b7cf945b494dbce4443015,
        type: 3}
      propertyPath: m_LocalRotation.w
      value: 1
      objectReference: {fileID: 0}
    - target: {fileID: 1703737885775570374, guid: 2e642c9a85b7cf945b494dbce4443015,
        type: 3}
      propertyPath: m_RootOrder
      value: 2
      objectReference: {fileID: 0}
    - target: {fileID: 1703737885775570374, guid: 2e642c9a85b7cf945b494dbce4443015,
        type: 3}
      propertyPath: m_LocalEulerAnglesHint.x
      value: 0
      objectReference: {fileID: 0}
    - target: {fileID: 1703737885775570374, guid: 2e642c9a85b7cf945b494dbce4443015,
        type: 3}
      propertyPath: m_LocalEulerAnglesHint.y
      value: 0
      objectReference: {fileID: 0}
    - target: {fileID: 1703737885775570374, guid: 2e642c9a85b7cf945b494dbce4443015,
        type: 3}
      propertyPath: m_LocalEulerAnglesHint.z
      value: 0
      objectReference: {fileID: 0}
    - target: {fileID: 5901624262646948083, guid: 2e642c9a85b7cf945b494dbce4443015,
        type: 3}
      propertyPath: m_Name
      value: PlatformPath
      objectReference: {fileID: 0}
    m_RemovedComponents: []
  m_SourcePrefab: {fileID: 100100000, guid: 2e642c9a85b7cf945b494dbce4443015, type: 3}
--- !u!4 &8594356455717019887 stripped
Transform:
  m_CorrespondingSourceObject: {fileID: 1703737885775570374, guid: 2e642c9a85b7cf945b494dbce4443015,
    type: 3}
  m_PrefabInstance: {fileID: 6981051378934089001}
  m_PrefabAsset: {fileID: 0}
--- !u!114 &1682231055895384147 stripped
MonoBehaviour:
  m_CorrespondingSourceObject: {fileID: 8627156386865239418, guid: 2e642c9a85b7cf945b494dbce4443015,
    type: 3}
  m_PrefabInstance: {fileID: 6981051378934089001}
  m_PrefabAsset: {fileID: 0}
  m_GameObject: {fileID: 0}
  m_Enabled: 1
  m_EditorHideFlags: 0
  m_Script: {fileID: 11500000, guid: 8ee42a36d6e340948be45800a7f808be, type: 3}
  m_Name: 
  m_EditorClassIdentifier: 
--- !u!1001 &8256844738003736783
PrefabInstance:
  m_ObjectHideFlags: 0
  serializedVersion: 2
  m_Modification:
    m_TransformParent: {fileID: 1582201789667325010}
    m_Modifications:
    - target: {fileID: 1966902567163653691, guid: 16ea10656cf1c1549a710cf12255ebe0,
        type: 3}
      propertyPath: m_LocalPosition.x
      value: 0
      objectReference: {fileID: 0}
    - target: {fileID: 1966902567163653691, guid: 16ea10656cf1c1549a710cf12255ebe0,
        type: 3}
      propertyPath: m_LocalPosition.y
      value: -0.0008792877
      objectReference: {fileID: 0}
    - target: {fileID: 1966902567163653691, guid: 16ea10656cf1c1549a710cf12255ebe0,
        type: 3}
      propertyPath: m_LocalPosition.z
      value: 0
      objectReference: {fileID: 0}
    - target: {fileID: 1966902567163653691, guid: 16ea10656cf1c1549a710cf12255ebe0,
        type: 3}
      propertyPath: m_LocalRotation.x
      value: -0
      objectReference: {fileID: 0}
    - target: {fileID: 1966902567163653691, guid: 16ea10656cf1c1549a710cf12255ebe0,
        type: 3}
      propertyPath: m_LocalRotation.y
      value: -0
      objectReference: {fileID: 0}
    - target: {fileID: 1966902567163653691, guid: 16ea10656cf1c1549a710cf12255ebe0,
        type: 3}
      propertyPath: m_LocalRotation.z
      value: -0
      objectReference: {fileID: 0}
    - target: {fileID: 1966902567163653691, guid: 16ea10656cf1c1549a710cf12255ebe0,
        type: 3}
      propertyPath: m_LocalRotation.w
      value: 1
      objectReference: {fileID: 0}
    - target: {fileID: 1966902567163653691, guid: 16ea10656cf1c1549a710cf12255ebe0,
        type: 3}
      propertyPath: m_RootOrder
      value: 0
      objectReference: {fileID: 0}
    - target: {fileID: 1966902567163653691, guid: 16ea10656cf1c1549a710cf12255ebe0,
        type: 3}
      propertyPath: m_LocalEulerAnglesHint.x
      value: 0
      objectReference: {fileID: 0}
    - target: {fileID: 1966902567163653691, guid: 16ea10656cf1c1549a710cf12255ebe0,
        type: 3}
      propertyPath: m_LocalEulerAnglesHint.y
      value: 0
      objectReference: {fileID: 0}
    - target: {fileID: 1966902567163653691, guid: 16ea10656cf1c1549a710cf12255ebe0,
        type: 3}
      propertyPath: m_LocalEulerAnglesHint.z
      value: 0
      objectReference: {fileID: 0}
    - target: {fileID: 2490716369826042849, guid: 16ea10656cf1c1549a710cf12255ebe0,
        type: 3}
      propertyPath: m_BodyType
      value: 0
      objectReference: {fileID: 0}
    - target: {fileID: 2490716369826042849, guid: 16ea10656cf1c1549a710cf12255ebe0,
        type: 3}
      propertyPath: m_Constraints
      value: 0
      objectReference: {fileID: 0}
    - target: {fileID: 5832141777309001605, guid: 16ea10656cf1c1549a710cf12255ebe0,
        type: 3}
      propertyPath: m_Sprite
      value: 
      objectReference: {fileID: 21300000, guid: aacfb59487500004db67d6e4b978cf8e,
        type: 3}
    - target: {fileID: 5832141777309001605, guid: 16ea10656cf1c1549a710cf12255ebe0,
        type: 3}
      propertyPath: m_Size.y
      value: 0.54
      objectReference: {fileID: 0}
    - target: {fileID: 5832141777309001605, guid: 16ea10656cf1c1549a710cf12255ebe0,
        type: 3}
      propertyPath: m_Size.x
      value: 4.21
      objectReference: {fileID: 0}
    - target: {fileID: 6690069425285046255, guid: 16ea10656cf1c1549a710cf12255ebe0,
        type: 3}
      propertyPath: m_SpriteTilingProperty.oldSize.x
      value: 10.24
      objectReference: {fileID: 0}
    - target: {fileID: 6690069425285046255, guid: 16ea10656cf1c1549a710cf12255ebe0,
        type: 3}
      propertyPath: m_SpriteTilingProperty.oldSize.y
      value: 10.24
      objectReference: {fileID: 0}
    - target: {fileID: 6690069425285046255, guid: 16ea10656cf1c1549a710cf12255ebe0,
        type: 3}
      propertyPath: m_SpriteTilingProperty.newSize.x
      value: 4.21
      objectReference: {fileID: 0}
    - target: {fileID: 6690069425285046255, guid: 16ea10656cf1c1549a710cf12255ebe0,
        type: 3}
      propertyPath: m_SpriteTilingProperty.newSize.y
      value: 0.54
      objectReference: {fileID: 0}
    - target: {fileID: 8610744764175613803, guid: 16ea10656cf1c1549a710cf12255ebe0,
        type: 3}
      propertyPath: m_Name
      value: NonStickSpinner
      objectReference: {fileID: 0}
    - target: {fileID: 8610744764175613803, guid: 16ea10656cf1c1549a710cf12255ebe0,
        type: 3}
      propertyPath: m_TagString
      value: Nonstick
      objectReference: {fileID: 0}
    m_RemovedComponents: []
  m_SourcePrefab: {fileID: 100100000, guid: 16ea10656cf1c1549a710cf12255ebe0, type: 3}
--- !u!1 &426071987882420132 stripped
GameObject:
  m_CorrespondingSourceObject: {fileID: 8610744764175613803, guid: 16ea10656cf1c1549a710cf12255ebe0,
    type: 3}
  m_PrefabInstance: {fileID: 8256844738003736783}
  m_PrefabAsset: {fileID: 0}
--- !u!4 &7628504016679597812 stripped
Transform:
  m_CorrespondingSourceObject: {fileID: 1966902567163653691, guid: 16ea10656cf1c1549a710cf12255ebe0,
    type: 3}
  m_PrefabInstance: {fileID: 8256844738003736783}
  m_PrefabAsset: {fileID: 0}
--- !u!1001 &8613867379579213459
PrefabInstance:
  m_ObjectHideFlags: 0
  serializedVersion: 2
  m_Modification:
    m_TransformParent: {fileID: 7628504016679597812}
    m_Modifications:
    - target: {fileID: 1703737885775570374, guid: 2e642c9a85b7cf945b494dbce4443015,
        type: 3}
      propertyPath: m_LocalPosition.x
      value: 0
      objectReference: {fileID: 0}
    - target: {fileID: 1703737885775570374, guid: 2e642c9a85b7cf945b494dbce4443015,
        type: 3}
      propertyPath: m_LocalPosition.y
      value: 0
      objectReference: {fileID: 0}
    - target: {fileID: 1703737885775570374, guid: 2e642c9a85b7cf945b494dbce4443015,
        type: 3}
      propertyPath: m_LocalPosition.z
      value: 0
      objectReference: {fileID: 0}
    - target: {fileID: 1703737885775570374, guid: 2e642c9a85b7cf945b494dbce4443015,
        type: 3}
      propertyPath: m_LocalRotation.x
      value: -0
      objectReference: {fileID: 0}
    - target: {fileID: 1703737885775570374, guid: 2e642c9a85b7cf945b494dbce4443015,
        type: 3}
      propertyPath: m_LocalRotation.y
      value: -0
      objectReference: {fileID: 0}
    - target: {fileID: 1703737885775570374, guid: 2e642c9a85b7cf945b494dbce4443015,
        type: 3}
      propertyPath: m_LocalRotation.z
      value: -0
      objectReference: {fileID: 0}
    - target: {fileID: 1703737885775570374, guid: 2e642c9a85b7cf945b494dbce4443015,
        type: 3}
      propertyPath: m_LocalRotation.w
      value: 1
      objectReference: {fileID: 0}
    - target: {fileID: 1703737885775570374, guid: 2e642c9a85b7cf945b494dbce4443015,
        type: 3}
      propertyPath: m_RootOrder
      value: 0
      objectReference: {fileID: 0}
    - target: {fileID: 1703737885775570374, guid: 2e642c9a85b7cf945b494dbce4443015,
        type: 3}
      propertyPath: m_LocalEulerAnglesHint.x
      value: 0
      objectReference: {fileID: 0}
    - target: {fileID: 1703737885775570374, guid: 2e642c9a85b7cf945b494dbce4443015,
        type: 3}
      propertyPath: m_LocalEulerAnglesHint.y
      value: 0
      objectReference: {fileID: 0}
    - target: {fileID: 1703737885775570374, guid: 2e642c9a85b7cf945b494dbce4443015,
        type: 3}
      propertyPath: m_LocalEulerAnglesHint.z
      value: 0
      objectReference: {fileID: 0}
    - target: {fileID: 5901624262646948083, guid: 2e642c9a85b7cf945b494dbce4443015,
        type: 3}
      propertyPath: m_Name
      value: PlatformPath
      objectReference: {fileID: 0}
    m_RemovedComponents: []
  m_SourcePrefab: {fileID: 100100000, guid: 2e642c9a85b7cf945b494dbce4443015, type: 3}
--- !u!114 &14438478045283305 stripped
MonoBehaviour:
  m_CorrespondingSourceObject: {fileID: 8627156386865239418, guid: 2e642c9a85b7cf945b494dbce4443015,
    type: 3}
  m_PrefabInstance: {fileID: 8613867379579213459}
  m_PrefabAsset: {fileID: 0}
  m_GameObject: {fileID: 0}
  m_Enabled: 1
  m_EditorHideFlags: 0
  m_Script: {fileID: 11500000, guid: 8ee42a36d6e340948be45800a7f808be, type: 3}
  m_Name: 
  m_EditorClassIdentifier: 
