%YAML 1.1
%TAG !u! tag:unity3d.com,2011:
--- !u!29 &1
OcclusionCullingSettings:
  m_ObjectHideFlags: 0
  serializedVersion: 2
  m_OcclusionBakeSettings:
    smallestOccluder: 5
    smallestHole: 0.25
    backfaceThreshold: 100
  m_SceneGUID: 00000000000000000000000000000000
  m_OcclusionCullingData: {fileID: 0}
--- !u!104 &2
RenderSettings:
  m_ObjectHideFlags: 0
  serializedVersion: 9
  m_Fog: 0
  m_FogColor: {r: 0.5, g: 0.5, b: 0.5, a: 1}
  m_FogMode: 3
  m_FogDensity: 0.01
  m_LinearFogStart: 0
  m_LinearFogEnd: 300
  m_AmbientSkyColor: {r: 0.212, g: 0.227, b: 0.259, a: 1}
  m_AmbientEquatorColor: {r: 0.114, g: 0.125, b: 0.133, a: 1}
  m_AmbientGroundColor: {r: 0.047, g: 0.043, b: 0.035, a: 1}
  m_AmbientIntensity: 1
  m_AmbientMode: 3
  m_SubtractiveShadowColor: {r: 0.42, g: 0.478, b: 0.627, a: 1}
  m_SkyboxMaterial: {fileID: 0}
  m_HaloStrength: 0.5
  m_FlareStrength: 1
  m_FlareFadeSpeed: 3
  m_HaloTexture: {fileID: 0}
  m_SpotCookie: {fileID: 10001, guid: 0000000000000000e000000000000000, type: 0}
  m_DefaultReflectionMode: 0
  m_DefaultReflectionResolution: 128
  m_ReflectionBounces: 1
  m_ReflectionIntensity: 1
  m_CustomReflection: {fileID: 0}
  m_Sun: {fileID: 0}
  m_IndirectSpecularColor: {r: 0, g: 0, b: 0, a: 1}
  m_UseRadianceAmbientProbe: 0
--- !u!157 &3
LightmapSettings:
  m_ObjectHideFlags: 0
  serializedVersion: 12
  m_GIWorkflowMode: 1
  m_GISettings:
    serializedVersion: 2
    m_BounceScale: 1
    m_IndirectOutputScale: 1
    m_AlbedoBoost: 1
    m_EnvironmentLightingMode: 0
    m_EnableBakedLightmaps: 0
    m_EnableRealtimeLightmaps: 0
  m_LightmapEditorSettings:
    serializedVersion: 12
    m_Resolution: 2
    m_BakeResolution: 40
    m_AtlasSize: 1024
    m_AO: 0
    m_AOMaxDistance: 1
    m_CompAOExponent: 1
    m_CompAOExponentDirect: 0
    m_ExtractAmbientOcclusion: 0
    m_Padding: 2
    m_LightmapParameters: {fileID: 0}
    m_LightmapsBakeMode: 1
    m_TextureCompression: 1
    m_FinalGather: 0
    m_FinalGatherFiltering: 1
    m_FinalGatherRayCount: 256
    m_ReflectionCompression: 2
    m_MixedBakeMode: 2
    m_BakeBackend: 1
    m_PVRSampling: 1
    m_PVRDirectSampleCount: 32
    m_PVRSampleCount: 512
    m_PVRBounces: 2
    m_PVREnvironmentSampleCount: 256
    m_PVREnvironmentReferencePointCount: 2048
    m_PVRFilteringMode: 1
    m_PVRDenoiserTypeDirect: 1
    m_PVRDenoiserTypeIndirect: 1
    m_PVRDenoiserTypeAO: 1
    m_PVRFilterTypeDirect: 0
    m_PVRFilterTypeIndirect: 0
    m_PVRFilterTypeAO: 0
    m_PVREnvironmentMIS: 1
    m_PVRCulling: 1
    m_PVRFilteringGaussRadiusDirect: 1
    m_PVRFilteringGaussRadiusIndirect: 5
    m_PVRFilteringGaussRadiusAO: 2
    m_PVRFilteringAtrousPositionSigmaDirect: 0.5
    m_PVRFilteringAtrousPositionSigmaIndirect: 2
    m_PVRFilteringAtrousPositionSigmaAO: 1
    m_ExportTrainingData: 0
    m_TrainingDataDestination: TrainingData
    m_LightProbeSampleCountMultiplier: 4
  m_LightingDataAsset: {fileID: 0}
  m_LightingSettings: {fileID: 950138055}
--- !u!196 &4
NavMeshSettings:
  serializedVersion: 2
  m_ObjectHideFlags: 0
  m_BuildSettings:
    serializedVersion: 2
    agentTypeID: 0
    agentRadius: 0.5
    agentHeight: 2
    agentSlope: 45
    agentClimb: 0.4
    ledgeDropHeight: 0
    maxJumpAcrossDistance: 0
    minRegionArea: 2
    manualCellSize: 0
    cellSize: 0.16666667
    manualTileSize: 0
    tileSize: 256
    accuratePlacement: 0
    maxJobWorkers: 0
    preserveTilesOutsideBounds: 0
    debug:
      m_Flags: 0
  m_NavMeshData: {fileID: 0}
--- !u!1001 &4919789
PrefabInstance:
  m_ObjectHideFlags: 0
  serializedVersion: 2
  m_Modification:
    m_TransformParent: {fileID: 0}
    m_Modifications:
    - target: {fileID: -612627272679162005, guid: 16ea10656cf1c1549a710cf12255ebe0,
        type: 3}
      propertyPath: m_Name
      value: NonStickSurface
      objectReference: {fileID: 0}
    - target: {fileID: 1966902567163653691, guid: 16ea10656cf1c1549a710cf12255ebe0,
        type: 3}
      propertyPath: m_LocalPosition.x
      value: -2.578
      objectReference: {fileID: 0}
    - target: {fileID: 1966902567163653691, guid: 16ea10656cf1c1549a710cf12255ebe0,
        type: 3}
      propertyPath: m_LocalPosition.y
      value: -4.12
      objectReference: {fileID: 0}
    - target: {fileID: 1966902567163653691, guid: 16ea10656cf1c1549a710cf12255ebe0,
        type: 3}
      propertyPath: m_LocalPosition.z
      value: 0
      objectReference: {fileID: 0}
    - target: {fileID: 1966902567163653691, guid: 16ea10656cf1c1549a710cf12255ebe0,
        type: 3}
      propertyPath: m_LocalRotation.x
      value: 0
      objectReference: {fileID: 0}
    - target: {fileID: 1966902567163653691, guid: 16ea10656cf1c1549a710cf12255ebe0,
        type: 3}
      propertyPath: m_LocalRotation.y
      value: 0
      objectReference: {fileID: 0}
    - target: {fileID: 1966902567163653691, guid: 16ea10656cf1c1549a710cf12255ebe0,
        type: 3}
      propertyPath: m_LocalRotation.z
      value: 0
      objectReference: {fileID: 0}
    - target: {fileID: 1966902567163653691, guid: 16ea10656cf1c1549a710cf12255ebe0,
        type: 3}
      propertyPath: m_LocalRotation.w
      value: 1
      objectReference: {fileID: 0}
    - target: {fileID: 1966902567163653691, guid: 16ea10656cf1c1549a710cf12255ebe0,
        type: 3}
      propertyPath: m_RootOrder
      value: 3
      objectReference: {fileID: 0}
    - target: {fileID: 1966902567163653691, guid: 16ea10656cf1c1549a710cf12255ebe0,
        type: 3}
      propertyPath: m_LocalEulerAnglesHint.x
      value: 0
      objectReference: {fileID: 0}
    - target: {fileID: 1966902567163653691, guid: 16ea10656cf1c1549a710cf12255ebe0,
        type: 3}
      propertyPath: m_LocalEulerAnglesHint.y
      value: 0
      objectReference: {fileID: 0}
    - target: {fileID: 1966902567163653691, guid: 16ea10656cf1c1549a710cf12255ebe0,
        type: 3}
      propertyPath: m_LocalEulerAnglesHint.z
      value: 0
      objectReference: {fileID: 0}
    - target: {fileID: 5832141777309001605, guid: 16ea10656cf1c1549a710cf12255ebe0,
        type: 3}
      propertyPath: m_Size.y
      value: 0.86631584
      objectReference: {fileID: 0}
    - target: {fileID: 5832141777309001605, guid: 16ea10656cf1c1549a710cf12255ebe0,
        type: 3}
      propertyPath: m_Size.x
      value: 3.0547376
      objectReference: {fileID: 0}
    m_RemovedComponents: []
  m_SourcePrefab: {fileID: 100100000, guid: 16ea10656cf1c1549a710cf12255ebe0, type: 3}
--- !u!4 &96439898 stripped
Transform:
  m_CorrespondingSourceObject: {fileID: 7508686913051274058, guid: c5b067985f89bb94fb07e253c2927316,
    type: 3}
  m_PrefabInstance: {fileID: 1171422210906933869}
  m_PrefabAsset: {fileID: 0}
--- !u!1001 &174299637
PrefabInstance:
  m_ObjectHideFlags: 0
  serializedVersion: 2
  m_Modification:
    m_TransformParent: {fileID: 0}
    m_Modifications:
    - target: {fileID: -612627272679162005, guid: 16ea10656cf1c1549a710cf12255ebe0,
        type: 3}
      propertyPath: m_Name
      value: NonStickSurface (1)
      objectReference: {fileID: 0}
    - target: {fileID: 1966902567163653691, guid: 16ea10656cf1c1549a710cf12255ebe0,
        type: 3}
      propertyPath: m_LocalPosition.x
      value: 0.92
      objectReference: {fileID: 0}
    - target: {fileID: 1966902567163653691, guid: 16ea10656cf1c1549a710cf12255ebe0,
        type: 3}
      propertyPath: m_LocalPosition.y
      value: 5.74
      objectReference: {fileID: 0}
    - target: {fileID: 1966902567163653691, guid: 16ea10656cf1c1549a710cf12255ebe0,
        type: 3}
      propertyPath: m_LocalPosition.z
      value: 0
      objectReference: {fileID: 0}
    - target: {fileID: 1966902567163653691, guid: 16ea10656cf1c1549a710cf12255ebe0,
        type: 3}
      propertyPath: m_LocalRotation.x
      value: 0
      objectReference: {fileID: 0}
    - target: {fileID: 1966902567163653691, guid: 16ea10656cf1c1549a710cf12255ebe0,
        type: 3}
      propertyPath: m_LocalRotation.y
      value: 0
      objectReference: {fileID: 0}
    - target: {fileID: 1966902567163653691, guid: 16ea10656cf1c1549a710cf12255ebe0,
        type: 3}
      propertyPath: m_LocalRotation.z
      value: -0.29203776
      objectReference: {fileID: 0}
    - target: {fileID: 1966902567163653691, guid: 16ea10656cf1c1549a710cf12255ebe0,
        type: 3}
      propertyPath: m_LocalRotation.w
      value: 0.95640683
      objectReference: {fileID: 0}
    - target: {fileID: 1966902567163653691, guid: 16ea10656cf1c1549a710cf12255ebe0,
        type: 3}
      propertyPath: m_RootOrder
      value: 2
      objectReference: {fileID: 0}
    - target: {fileID: 1966902567163653691, guid: 16ea10656cf1c1549a710cf12255ebe0,
        type: 3}
      propertyPath: m_LocalEulerAnglesHint.x
      value: 0
      objectReference: {fileID: 0}
    - target: {fileID: 1966902567163653691, guid: 16ea10656cf1c1549a710cf12255ebe0,
        type: 3}
      propertyPath: m_LocalEulerAnglesHint.y
      value: 0
      objectReference: {fileID: 0}
    - target: {fileID: 1966902567163653691, guid: 16ea10656cf1c1549a710cf12255ebe0,
        type: 3}
      propertyPath: m_LocalEulerAnglesHint.z
      value: -33.96
      objectReference: {fileID: 0}
    - target: {fileID: 5832141777309001605, guid: 16ea10656cf1c1549a710cf12255ebe0,
        type: 3}
      propertyPath: m_Size.x
      value: 0.7118303
      objectReference: {fileID: 0}
    - target: {fileID: 5832141777309001605, guid: 16ea10656cf1c1549a710cf12255ebe0,
        type: 3}
      propertyPath: m_Size.y
      value: 3.1340792
      objectReference: {fileID: 0}
    m_RemovedComponents: []
  m_SourcePrefab: {fileID: 100100000, guid: 16ea10656cf1c1549a710cf12255ebe0, type: 3}
--- !u!1001 &325992523
PrefabInstance:
  m_ObjectHideFlags: 0
  serializedVersion: 2
  m_Modification:
    m_TransformParent: {fileID: 0}
    m_Modifications:
    - target: {fileID: -612627272679162005, guid: 16ea10656cf1c1549a710cf12255ebe0,
        type: 3}
      propertyPath: m_Name
      value: NonStickSurface (3)
      objectReference: {fileID: 0}
    - target: {fileID: 1966902567163653691, guid: 16ea10656cf1c1549a710cf12255ebe0,
        type: 3}
      propertyPath: m_LocalPosition.x
      value: 3.167
      objectReference: {fileID: 0}
    - target: {fileID: 1966902567163653691, guid: 16ea10656cf1c1549a710cf12255ebe0,
        type: 3}
      propertyPath: m_LocalPosition.y
      value: 6.087
      objectReference: {fileID: 0}
    - target: {fileID: 1966902567163653691, guid: 16ea10656cf1c1549a710cf12255ebe0,
        type: 3}
      propertyPath: m_LocalPosition.z
      value: 0
      objectReference: {fileID: 0}
    - target: {fileID: 1966902567163653691, guid: 16ea10656cf1c1549a710cf12255ebe0,
        type: 3}
      propertyPath: m_LocalRotation.x
      value: 0
      objectReference: {fileID: 0}
    - target: {fileID: 1966902567163653691, guid: 16ea10656cf1c1549a710cf12255ebe0,
        type: 3}
      propertyPath: m_LocalRotation.y
      value: 0
      objectReference: {fileID: 0}
    - target: {fileID: 1966902567163653691, guid: 16ea10656cf1c1549a710cf12255ebe0,
        type: 3}
      propertyPath: m_LocalRotation.z
      value: 0.46205825
      objectReference: {fileID: 0}
    - target: {fileID: 1966902567163653691, guid: 16ea10656cf1c1549a710cf12255ebe0,
        type: 3}
      propertyPath: m_LocalRotation.w
      value: 0.8868496
      objectReference: {fileID: 0}
    - target: {fileID: 1966902567163653691, guid: 16ea10656cf1c1549a710cf12255ebe0,
        type: 3}
      propertyPath: m_RootOrder
      value: 5
      objectReference: {fileID: 0}
    - target: {fileID: 1966902567163653691, guid: 16ea10656cf1c1549a710cf12255ebe0,
        type: 3}
      propertyPath: m_LocalEulerAnglesHint.x
      value: 0
      objectReference: {fileID: 0}
    - target: {fileID: 1966902567163653691, guid: 16ea10656cf1c1549a710cf12255ebe0,
        type: 3}
      propertyPath: m_LocalEulerAnglesHint.y
      value: 0
      objectReference: {fileID: 0}
    - target: {fileID: 1966902567163653691, guid: 16ea10656cf1c1549a710cf12255ebe0,
        type: 3}
      propertyPath: m_LocalEulerAnglesHint.z
      value: 55.04
      objectReference: {fileID: 0}
    - target: {fileID: 3316834794712845292, guid: 16ea10656cf1c1549a710cf12255ebe0,
        type: 3}
      propertyPath: m_SpriteTilingProperty.newSize.x
      value: 0.7118303
      objectReference: {fileID: 0}
    - target: {fileID: 3316834794712845292, guid: 16ea10656cf1c1549a710cf12255ebe0,
        type: 3}
      propertyPath: m_SpriteTilingProperty.newSize.y
      value: 3.1340792
      objectReference: {fileID: 0}
    - target: {fileID: 5832141777309001605, guid: 16ea10656cf1c1549a710cf12255ebe0,
        type: 3}
      propertyPath: m_Size.x
      value: 0.7118303
      objectReference: {fileID: 0}
    - target: {fileID: 5832141777309001605, guid: 16ea10656cf1c1549a710cf12255ebe0,
        type: 3}
      propertyPath: m_Size.y
      value: 4.0537877
      objectReference: {fileID: 0}
    m_RemovedComponents: []
  m_SourcePrefab: {fileID: 100100000, guid: 16ea10656cf1c1549a710cf12255ebe0, type: 3}
--- !u!1001 &395154796
PrefabInstance:
  m_ObjectHideFlags: 0
  serializedVersion: 2
  m_Modification:
    m_TransformParent: {fileID: 0}
    m_Modifications:
    - target: {fileID: 8313891094812172401, guid: 987577902728a5246815653b4322c828,
        type: 3}
      propertyPath: m_Name
      value: DeathPlane
      objectReference: {fileID: 0}
    - target: {fileID: 8313891094812172407, guid: 987577902728a5246815653b4322c828,
        type: 3}
      propertyPath: m_LocalPosition.x
      value: 0
      objectReference: {fileID: 0}
    - target: {fileID: 8313891094812172407, guid: 987577902728a5246815653b4322c828,
        type: 3}
      propertyPath: m_LocalPosition.y
      value: 9.3
      objectReference: {fileID: 0}
    - target: {fileID: 8313891094812172407, guid: 987577902728a5246815653b4322c828,
        type: 3}
      propertyPath: m_LocalPosition.z
      value: 0
      objectReference: {fileID: 0}
    - target: {fileID: 8313891094812172407, guid: 987577902728a5246815653b4322c828,
        type: 3}
      propertyPath: m_LocalRotation.x
      value: 0
      objectReference: {fileID: 0}
    - target: {fileID: 8313891094812172407, guid: 987577902728a5246815653b4322c828,
        type: 3}
      propertyPath: m_LocalRotation.y
      value: 0
      objectReference: {fileID: 0}
    - target: {fileID: 8313891094812172407, guid: 987577902728a5246815653b4322c828,
        type: 3}
      propertyPath: m_LocalRotation.z
      value: 0
      objectReference: {fileID: 0}
    - target: {fileID: 8313891094812172407, guid: 987577902728a5246815653b4322c828,
        type: 3}
      propertyPath: m_LocalRotation.w
      value: 1
      objectReference: {fileID: 0}
    - target: {fileID: 8313891094812172407, guid: 987577902728a5246815653b4322c828,
        type: 3}
      propertyPath: m_RootOrder
      value: 1
      objectReference: {fileID: 0}
    - target: {fileID: 8313891094812172407, guid: 987577902728a5246815653b4322c828,
        type: 3}
      propertyPath: m_LocalEulerAnglesHint.x
      value: 0
      objectReference: {fileID: 0}
    - target: {fileID: 8313891094812172407, guid: 987577902728a5246815653b4322c828,
        type: 3}
      propertyPath: m_LocalEulerAnglesHint.y
      value: 0
      objectReference: {fileID: 0}
    - target: {fileID: 8313891094812172407, guid: 987577902728a5246815653b4322c828,
        type: 3}
      propertyPath: m_LocalEulerAnglesHint.z
      value: 0
      objectReference: {fileID: 0}
    m_RemovedComponents: []
  m_SourcePrefab: {fileID: 100100000, guid: 987577902728a5246815653b4322c828, type: 3}
--- !u!1001 &425999643
PrefabInstance:
  m_ObjectHideFlags: 0
  serializedVersion: 2
  m_Modification:
    m_TransformParent: {fileID: 0}
    m_Modifications:
    - target: {fileID: 5674921983386967922, guid: 240c21d7ed7a69a41980386ac66f3b04,
        type: 3}
      propertyPath: m_Name
      value: Main Camera
      objectReference: {fileID: 0}
    - target: {fileID: 5674921983386967925, guid: 240c21d7ed7a69a41980386ac66f3b04,
        type: 3}
      propertyPath: m_LocalPosition.x
      value: 0
      objectReference: {fileID: 0}
    - target: {fileID: 5674921983386967925, guid: 240c21d7ed7a69a41980386ac66f3b04,
        type: 3}
      propertyPath: m_LocalPosition.y
      value: 0
      objectReference: {fileID: 0}
    - target: {fileID: 5674921983386967925, guid: 240c21d7ed7a69a41980386ac66f3b04,
        type: 3}
      propertyPath: m_LocalPosition.z
      value: -10
      objectReference: {fileID: 0}
    - target: {fileID: 5674921983386967925, guid: 240c21d7ed7a69a41980386ac66f3b04,
        type: 3}
      propertyPath: m_LocalRotation.x
      value: 0
      objectReference: {fileID: 0}
    - target: {fileID: 5674921983386967925, guid: 240c21d7ed7a69a41980386ac66f3b04,
        type: 3}
      propertyPath: m_LocalRotation.y
      value: 0
      objectReference: {fileID: 0}
    - target: {fileID: 5674921983386967925, guid: 240c21d7ed7a69a41980386ac66f3b04,
        type: 3}
      propertyPath: m_LocalRotation.z
      value: 0
      objectReference: {fileID: 0}
    - target: {fileID: 5674921983386967925, guid: 240c21d7ed7a69a41980386ac66f3b04,
        type: 3}
      propertyPath: m_LocalRotation.w
      value: 1
      objectReference: {fileID: 0}
    - target: {fileID: 5674921983386967925, guid: 240c21d7ed7a69a41980386ac66f3b04,
        type: 3}
      propertyPath: m_RootOrder
      value: 0
      objectReference: {fileID: 0}
    - target: {fileID: 5674921983386967925, guid: 240c21d7ed7a69a41980386ac66f3b04,
        type: 3}
      propertyPath: m_LocalEulerAnglesHint.x
      value: 0
      objectReference: {fileID: 0}
    - target: {fileID: 5674921983386967925, guid: 240c21d7ed7a69a41980386ac66f3b04,
        type: 3}
      propertyPath: m_LocalEulerAnglesHint.y
      value: 0
      objectReference: {fileID: 0}
    - target: {fileID: 5674921983386967925, guid: 240c21d7ed7a69a41980386ac66f3b04,
        type: 3}
      propertyPath: m_LocalEulerAnglesHint.z
      value: 0
      objectReference: {fileID: 0}
    m_RemovedComponents: []
  m_SourcePrefab: {fileID: 100100000, guid: 240c21d7ed7a69a41980386ac66f3b04, type: 3}
--- !u!1001 &482089988
PrefabInstance:
  m_ObjectHideFlags: 0
  serializedVersion: 2
  m_Modification:
    m_TransformParent: {fileID: 0}
    m_Modifications:
    - target: {fileID: 8953820760519076289, guid: b366b6e50aae23b42b06cac0dc1fa78a,
        type: 3}
      propertyPath: m_Name
      value: LevelControl
      objectReference: {fileID: 0}
    - target: {fileID: 8953820760519076291, guid: b366b6e50aae23b42b06cac0dc1fa78a,
        type: 3}
      propertyPath: m_LocalPosition.x
      value: 450.00824
      objectReference: {fileID: 0}
    - target: {fileID: 8953820760519076291, guid: b366b6e50aae23b42b06cac0dc1fa78a,
        type: 3}
      propertyPath: m_LocalPosition.y
      value: 293.99567
      objectReference: {fileID: 0}
    - target: {fileID: 8953820760519076291, guid: b366b6e50aae23b42b06cac0dc1fa78a,
        type: 3}
      propertyPath: m_LocalPosition.z
      value: -1449.75
      objectReference: {fileID: 0}
    - target: {fileID: 8953820760519076291, guid: b366b6e50aae23b42b06cac0dc1fa78a,
        type: 3}
      propertyPath: m_LocalRotation.x
      value: 0
      objectReference: {fileID: 0}
    - target: {fileID: 8953820760519076291, guid: b366b6e50aae23b42b06cac0dc1fa78a,
        type: 3}
      propertyPath: m_LocalRotation.y
      value: 0
      objectReference: {fileID: 0}
    - target: {fileID: 8953820760519076291, guid: b366b6e50aae23b42b06cac0dc1fa78a,
        type: 3}
      propertyPath: m_LocalRotation.z
      value: 0
      objectReference: {fileID: 0}
    - target: {fileID: 8953820760519076291, guid: b366b6e50aae23b42b06cac0dc1fa78a,
        type: 3}
      propertyPath: m_LocalRotation.w
      value: 1
      objectReference: {fileID: 0}
    - target: {fileID: 8953820760519076291, guid: b366b6e50aae23b42b06cac0dc1fa78a,
        type: 3}
      propertyPath: m_RootOrder
      value: 8
      objectReference: {fileID: 0}
    - target: {fileID: 8953820760519076291, guid: b366b6e50aae23b42b06cac0dc1fa78a,
        type: 3}
      propertyPath: m_LocalEulerAnglesHint.x
      value: 0
      objectReference: {fileID: 0}
    - target: {fileID: 8953820760519076291, guid: b366b6e50aae23b42b06cac0dc1fa78a,
        type: 3}
      propertyPath: m_LocalEulerAnglesHint.y
      value: 0
      objectReference: {fileID: 0}
    - target: {fileID: 8953820760519076291, guid: b366b6e50aae23b42b06cac0dc1fa78a,
        type: 3}
      propertyPath: m_LocalEulerAnglesHint.z
      value: 0
      objectReference: {fileID: 0}
    - target: {fileID: 8953820760981650356, guid: b366b6e50aae23b42b06cac0dc1fa78a,
        type: 3}
      propertyPath: m_LocalPosition.z
      value: 0
      objectReference: {fileID: 0}
    m_RemovedComponents: []
  m_SourcePrefab: {fileID: 100100000, guid: b366b6e50aae23b42b06cac0dc1fa78a, type: 3}
--- !u!114 &584819913 stripped
MonoBehaviour:
  m_CorrespondingSourceObject: {fileID: 5841976017809209320, guid: ed8633e3bef352048a5ea9bcd5a175f8,
    type: 3}
  m_PrefabInstance: {fileID: 1816888413}
  m_PrefabAsset: {fileID: 0}
  m_GameObject: {fileID: 0}
  m_Enabled: 1
  m_EditorHideFlags: 0
  m_Script: {fileID: 11500000, guid: 8ee42a36d6e340948be45800a7f808be, type: 3}
  m_Name: 
  m_EditorClassIdentifier: 
--- !u!850595691 &950138055
LightingSettings:
  m_ObjectHideFlags: 0
  m_CorrespondingSourceObject: {fileID: 0}
  m_PrefabInstance: {fileID: 0}
  m_PrefabAsset: {fileID: 0}
  m_Name: Settings.lighting
  serializedVersion: 2
  m_GIWorkflowMode: 1
  m_EnableBakedLightmaps: 0
  m_EnableRealtimeLightmaps: 0
  m_RealtimeEnvironmentLighting: 1
  m_BounceScale: 1
  m_AlbedoBoost: 1
  m_IndirectOutputScale: 1
  m_UsingShadowmask: 1
  m_BakeBackend: 1
  m_LightmapMaxSize: 1024
  m_BakeResolution: 40
  m_Padding: 2
  m_TextureCompression: 1
  m_AO: 0
  m_AOMaxDistance: 1
  m_CompAOExponent: 1
  m_CompAOExponentDirect: 0
  m_ExtractAO: 0
  m_MixedBakeMode: 2
  m_LightmapsBakeMode: 1
  m_FilterMode: 1
  m_LightmapParameters: {fileID: 0}
  m_ExportTrainingData: 0
  m_TrainingDataDestination: TrainingData
  m_RealtimeResolution: 2
  m_ForceWhiteAlbedo: 0
  m_ForceUpdates: 0
  m_FinalGather: 0
  m_FinalGatherRayCount: 256
  m_FinalGatherFiltering: 1
  m_PVRCulling: 1
  m_PVRSampling: 1
  m_PVRDirectSampleCount: 32
  m_PVRSampleCount: 512
  m_PVREnvironmentSampleCount: 256
  m_PVREnvironmentReferencePointCount: 2048
  m_LightProbeSampleCountMultiplier: 4
  m_PVRBounces: 2
  m_PVRRussianRouletteStartBounce: 2
  m_PVREnvironmentMIS: 1
  m_PVRFilteringMode: 1
  m_PVRDenoiserTypeDirect: 1
  m_PVRDenoiserTypeIndirect: 1
  m_PVRDenoiserTypeAO: 1
  m_PVRFilterTypeDirect: 0
  m_PVRFilterTypeIndirect: 0
  m_PVRFilterTypeAO: 0
  m_PVRFilteringGaussRadiusDirect: 1
  m_PVRFilteringGaussRadiusIndirect: 5
  m_PVRFilteringGaussRadiusAO: 2
  m_PVRFilteringAtrousPositionSigmaDirect: 0.5
  m_PVRFilteringAtrousPositionSigmaIndirect: 2
  m_PVRFilteringAtrousPositionSigmaAO: 1
--- !u!1001 &1331619889
PrefabInstance:
  m_ObjectHideFlags: 0
  serializedVersion: 2
  m_Modification:
    m_TransformParent: {fileID: 0}
    m_Modifications:
    - target: {fileID: 1906270890428089943, guid: 8a888ee0055815346b18fe722f2df62f,
        type: 3}
      propertyPath: m_LocalPosition.x
      value: 0
      objectReference: {fileID: 0}
    - target: {fileID: 1906270890428089943, guid: 8a888ee0055815346b18fe722f2df62f,
        type: 3}
      propertyPath: m_LocalPosition.y
      value: 0
      objectReference: {fileID: 0}
    - target: {fileID: 1906270890428089943, guid: 8a888ee0055815346b18fe722f2df62f,
        type: 3}
      propertyPath: m_LocalPosition.z
      value: 0
      objectReference: {fileID: 0}
    - target: {fileID: 1906270890428089943, guid: 8a888ee0055815346b18fe722f2df62f,
        type: 3}
      propertyPath: m_LocalRotation.x
      value: -0
      objectReference: {fileID: 0}
    - target: {fileID: 1906270890428089943, guid: 8a888ee0055815346b18fe722f2df62f,
        type: 3}
      propertyPath: m_LocalRotation.y
      value: -0
      objectReference: {fileID: 0}
    - target: {fileID: 1906270890428089943, guid: 8a888ee0055815346b18fe722f2df62f,
        type: 3}
      propertyPath: m_LocalRotation.z
      value: -0
      objectReference: {fileID: 0}
    - target: {fileID: 1906270890428089943, guid: 8a888ee0055815346b18fe722f2df62f,
        type: 3}
      propertyPath: m_LocalRotation.w
      value: 1
      objectReference: {fileID: 0}
    - target: {fileID: 1906270890428089943, guid: 8a888ee0055815346b18fe722f2df62f,
        type: 3}
      propertyPath: m_RootOrder
      value: 6
      objectReference: {fileID: 0}
    - target: {fileID: 1906270890428089943, guid: 8a888ee0055815346b18fe722f2df62f,
        type: 3}
      propertyPath: m_LocalEulerAnglesHint.x
      value: 0
      objectReference: {fileID: 0}
    - target: {fileID: 1906270890428089943, guid: 8a888ee0055815346b18fe722f2df62f,
        type: 3}
      propertyPath: m_LocalEulerAnglesHint.y
      value: 0
      objectReference: {fileID: 0}
    - target: {fileID: 1906270890428089943, guid: 8a888ee0055815346b18fe722f2df62f,
        type: 3}
      propertyPath: m_LocalEulerAnglesHint.z
      value: 0
      objectReference: {fileID: 0}
    - target: {fileID: 3085043712256625495, guid: 8a888ee0055815346b18fe722f2df62f,
        type: 3}
      propertyPath: m_LocalPosition.y
      value: -9.3
      objectReference: {fileID: 0}
    - target: {fileID: 3085043712256625495, guid: 8a888ee0055815346b18fe722f2df62f,
        type: 3}
      propertyPath: m_LocalPosition.x
      value: 0
      objectReference: {fileID: 0}
    - target: {fileID: 4113728420678813917, guid: 8a888ee0055815346b18fe722f2df62f,
        type: 3}
      propertyPath: m_Name
      value: StandardDeathZones
      objectReference: {fileID: 0}
    - target: {fileID: 4769268577917902065, guid: 8a888ee0055815346b18fe722f2df62f,
        type: 3}
      propertyPath: m_LocalPosition.z
      value: 0
      objectReference: {fileID: 0}
    - target: {fileID: 4769268577917902065, guid: 8a888ee0055815346b18fe722f2df62f,
        type: 3}
      propertyPath: m_LocalPosition.y
      value: 0
      objectReference: {fileID: 0}
    - target: {fileID: 4769268577917902065, guid: 8a888ee0055815346b18fe722f2df62f,
        type: 3}
      propertyPath: m_LocalPosition.x
      value: -5.8
      objectReference: {fileID: 0}
    - target: {fileID: 6689652316756464443, guid: 8a888ee0055815346b18fe722f2df62f,
        type: 3}
      propertyPath: m_LocalPosition.z
      value: 0
      objectReference: {fileID: 0}
    - target: {fileID: 6689652316756464443, guid: 8a888ee0055815346b18fe722f2df62f,
        type: 3}
      propertyPath: m_LocalPosition.x
      value: 5.8
      objectReference: {fileID: 0}
    - target: {fileID: 6689652316756464443, guid: 8a888ee0055815346b18fe722f2df62f,
        type: 3}
      propertyPath: m_LocalPosition.y
      value: 0
      objectReference: {fileID: 0}
    m_RemovedComponents: []
  m_SourcePrefab: {fileID: 100100000, guid: 8a888ee0055815346b18fe722f2df62f, type: 3}
--- !u!4 &1700251713 stripped
Transform:
  m_CorrespondingSourceObject: {fileID: 3302016357417456679, guid: ed8633e3bef352048a5ea9bcd5a175f8,
    type: 3}
  m_PrefabInstance: {fileID: 1816888413}
  m_PrefabAsset: {fileID: 0}
--- !u!1001 &1816888413
PrefabInstance:
  m_ObjectHideFlags: 0
  serializedVersion: 2
  m_Modification:
    m_TransformParent: {fileID: 6595001415398662123}
    m_Modifications:
    - target: {fileID: 1071992932758327749, guid: ed8633e3bef352048a5ea9bcd5a175f8,
        type: 3}
      propertyPath: m_Enabled
      value: 0
      objectReference: {fileID: 0}
    - target: {fileID: 1998970756081918975, guid: ed8633e3bef352048a5ea9bcd5a175f8,
        type: 3}
      propertyPath: m_LocalPosition.x
      value: 2.26
      objectReference: {fileID: 0}
    - target: {fileID: 1998970756081918975, guid: ed8633e3bef352048a5ea9bcd5a175f8,
        type: 3}
      propertyPath: m_LocalPosition.y
      value: -1.65
      objectReference: {fileID: 0}
    - target: {fileID: 2923834329829430775, guid: ed8633e3bef352048a5ea9bcd5a175f8,
        type: 3}
      propertyPath: m_Enabled
      value: 0
      objectReference: {fileID: 0}
    - target: {fileID: 3042240343917140207, guid: ed8633e3bef352048a5ea9bcd5a175f8,
        type: 3}
      propertyPath: m_Name
      value: MovingPlatformNonStick
      objectReference: {fileID: 0}
    - target: {fileID: 3302016357417456679, guid: ed8633e3bef352048a5ea9bcd5a175f8,
        type: 3}
      propertyPath: m_LocalPosition.x
      value: 0.5831375
      objectReference: {fileID: 0}
    - target: {fileID: 3302016357417456679, guid: ed8633e3bef352048a5ea9bcd5a175f8,
        type: 3}
      propertyPath: m_LocalPosition.y
      value: 0.58066505
      objectReference: {fileID: 0}
    - target: {fileID: 3302016357417456679, guid: ed8633e3bef352048a5ea9bcd5a175f8,
        type: 3}
      propertyPath: m_LocalPosition.z
      value: 0
      objectReference: {fileID: 0}
    - target: {fileID: 3302016357417456679, guid: ed8633e3bef352048a5ea9bcd5a175f8,
        type: 3}
      propertyPath: m_LocalRotation.x
      value: -0
      objectReference: {fileID: 0}
    - target: {fileID: 3302016357417456679, guid: ed8633e3bef352048a5ea9bcd5a175f8,
        type: 3}
      propertyPath: m_LocalRotation.y
      value: -0
      objectReference: {fileID: 0}
    - target: {fileID: 3302016357417456679, guid: ed8633e3bef352048a5ea9bcd5a175f8,
        type: 3}
      propertyPath: m_LocalRotation.z
      value: -0
      objectReference: {fileID: 0}
    - target: {fileID: 3302016357417456679, guid: ed8633e3bef352048a5ea9bcd5a175f8,
        type: 3}
      propertyPath: m_LocalRotation.w
      value: 1
      objectReference: {fileID: 0}
    - target: {fileID: 3302016357417456679, guid: ed8633e3bef352048a5ea9bcd5a175f8,
        type: 3}
      propertyPath: m_RootOrder
      value: 0
      objectReference: {fileID: 0}
    - target: {fileID: 3302016357417456679, guid: ed8633e3bef352048a5ea9bcd5a175f8,
        type: 3}
      propertyPath: m_LocalEulerAnglesHint.x
      value: 0
      objectReference: {fileID: 0}
    - target: {fileID: 3302016357417456679, guid: ed8633e3bef352048a5ea9bcd5a175f8,
        type: 3}
      propertyPath: m_LocalEulerAnglesHint.y
      value: 0
      objectReference: {fileID: 0}
    - target: {fileID: 3302016357417456679, guid: ed8633e3bef352048a5ea9bcd5a175f8,
        type: 3}
      propertyPath: m_LocalEulerAnglesHint.z
      value: 0
      objectReference: {fileID: 0}
    - target: {fileID: 3535303367398066004, guid: ed8633e3bef352048a5ea9bcd5a175f8,
        type: 3}
      propertyPath: m_LocalPosition.y
      value: 2.35
      objectReference: {fileID: 0}
    - target: {fileID: 3535303367398066004, guid: ed8633e3bef352048a5ea9bcd5a175f8,
        type: 3}
      propertyPath: m_LocalPosition.x
      value: 0.41
      objectReference: {fileID: 0}
    - target: {fileID: 4236363834659714549, guid: ed8633e3bef352048a5ea9bcd5a175f8,
        type: 3}
      propertyPath: m_LocalRotation.z
      value: 0.46205825
      objectReference: {fileID: 0}
    - target: {fileID: 4236363834659714549, guid: ed8633e3bef352048a5ea9bcd5a175f8,
        type: 3}
      propertyPath: m_LocalRotation.w
      value: 0.8868496
      objectReference: {fileID: 0}
    - target: {fileID: 4236363834659714549, guid: ed8633e3bef352048a5ea9bcd5a175f8,
        type: 3}
      propertyPath: m_LocalEulerAnglesHint.z
      value: 55.04
      objectReference: {fileID: 0}
    - target: {fileID: 4236363834659714549, guid: ed8633e3bef352048a5ea9bcd5a175f8,
        type: 3}
      propertyPath: m_LocalPosition.x
      value: 0.441
      objectReference: {fileID: 0}
    - target: {fileID: 4236363834659714549, guid: ed8633e3bef352048a5ea9bcd5a175f8,
        type: 3}
      propertyPath: m_LocalPosition.y
      value: 2.347
      objectReference: {fileID: 0}
    - target: {fileID: 7043156035216803314, guid: ed8633e3bef352048a5ea9bcd5a175f8,
        type: 3}
      propertyPath: pathController
      value: 
      objectReference: {fileID: 584819913}
    - target: {fileID: 7270164541210913911, guid: ed8633e3bef352048a5ea9bcd5a175f8,
        type: 3}
      propertyPath: m_Enabled
      value: 0
      objectReference: {fileID: 0}
    - target: {fileID: 8173662836368882763, guid: ed8633e3bef352048a5ea9bcd5a175f8,
        type: 3}
      propertyPath: m_Size.x
      value: 0.6482901
      objectReference: {fileID: 0}
    - target: {fileID: 8173662836368882763, guid: ed8633e3bef352048a5ea9bcd5a175f8,
        type: 3}
      propertyPath: m_Size.y
      value: 2.466617
      objectReference: {fileID: 0}
    - target: {fileID: 8194702539584069197, guid: ed8633e3bef352048a5ea9bcd5a175f8,
        type: 3}
      propertyPath: m_LocalPosition.x
      value: -2.5
      objectReference: {fileID: 0}
    - target: {fileID: 8194702539584069197, guid: ed8633e3bef352048a5ea9bcd5a175f8,
        type: 3}
      propertyPath: m_LocalPosition.y
      value: 1.71
      objectReference: {fileID: 0}
    m_RemovedComponents: []
  m_SourcePrefab: {fileID: 100100000, guid: ed8633e3bef352048a5ea9bcd5a175f8, type: 3}
--- !u!1001 &2133070914
PrefabInstance:
  m_ObjectHideFlags: 0
  serializedVersion: 2
  m_Modification:
    m_TransformParent: {fileID: 0}
    m_Modifications:
    - target: {fileID: -612627272679162005, guid: 16ea10656cf1c1549a710cf12255ebe0,
        type: 3}
      propertyPath: m_Name
      value: NonStickSurface (2)
      objectReference: {fileID: 0}
    - target: {fileID: 1966902567163653691, guid: 16ea10656cf1c1549a710cf12255ebe0,
        type: 3}
      propertyPath: m_LocalPosition.x
      value: 3.72
      objectReference: {fileID: 0}
    - target: {fileID: 1966902567163653691, guid: 16ea10656cf1c1549a710cf12255ebe0,
        type: 3}
      propertyPath: m_LocalPosition.y
      value: 3.92
      objectReference: {fileID: 0}
    - target: {fileID: 1966902567163653691, guid: 16ea10656cf1c1549a710cf12255ebe0,
        type: 3}
      propertyPath: m_LocalPosition.z
      value: 0
      objectReference: {fileID: 0}
    - target: {fileID: 1966902567163653691, guid: 16ea10656cf1c1549a710cf12255ebe0,
        type: 3}
      propertyPath: m_LocalRotation.x
      value: 0
      objectReference: {fileID: 0}
    - target: {fileID: 1966902567163653691, guid: 16ea10656cf1c1549a710cf12255ebe0,
        type: 3}
      propertyPath: m_LocalRotation.y
      value: 0
      objectReference: {fileID: 0}
    - target: {fileID: 1966902567163653691, guid: 16ea10656cf1c1549a710cf12255ebe0,
        type: 3}
      propertyPath: m_LocalRotation.z
      value: -0.29203776
      objectReference: {fileID: 0}
    - target: {fileID: 1966902567163653691, guid: 16ea10656cf1c1549a710cf12255ebe0,
        type: 3}
      propertyPath: m_LocalRotation.w
      value: 0.95640683
      objectReference: {fileID: 0}
    - target: {fileID: 1966902567163653691, guid: 16ea10656cf1c1549a710cf12255ebe0,
        type: 3}
      propertyPath: m_RootOrder
      value: 4
      objectReference: {fileID: 0}
    - target: {fileID: 1966902567163653691, guid: 16ea10656cf1c1549a710cf12255ebe0,
        type: 3}
      propertyPath: m_LocalEulerAnglesHint.x
      value: 0
      objectReference: {fileID: 0}
    - target: {fileID: 1966902567163653691, guid: 16ea10656cf1c1549a710cf12255ebe0,
        type: 3}
      propertyPath: m_LocalEulerAnglesHint.y
      value: 0
      objectReference: {fileID: 0}
    - target: {fileID: 1966902567163653691, guid: 16ea10656cf1c1549a710cf12255ebe0,
        type: 3}
      propertyPath: m_LocalEulerAnglesHint.z
      value: -33.96
      objectReference: {fileID: 0}
    - target: {fileID: 3316834794712845292, guid: 16ea10656cf1c1549a710cf12255ebe0,
        type: 3}
      propertyPath: m_SpriteTilingProperty.newSize.x
      value: 0.7118303
      objectReference: {fileID: 0}
    - target: {fileID: 3316834794712845292, guid: 16ea10656cf1c1549a710cf12255ebe0,
        type: 3}
      propertyPath: m_SpriteTilingProperty.newSize.y
      value: 3.1340792
      objectReference: {fileID: 0}
    - target: {fileID: 5832141777309001605, guid: 16ea10656cf1c1549a710cf12255ebe0,
        type: 3}
      propertyPath: m_Size.x
      value: 0.7118303
      objectReference: {fileID: 0}
    - target: {fileID: 5832141777309001605, guid: 16ea10656cf1c1549a710cf12255ebe0,
        type: 3}
      propertyPath: m_Size.y
      value: 3.1340792
      objectReference: {fileID: 0}
    m_RemovedComponents: []
  m_SourcePrefab: {fileID: 100100000, guid: 16ea10656cf1c1549a710cf12255ebe0, type: 3}
--- !u!4 &2144116893 stripped
Transform:
  m_CorrespondingSourceObject: {fileID: 2815817722063130068, guid: cd4c841ba4e77ff4889fb1e650cb4a6e,
    type: 3}
  m_PrefabInstance: {fileID: 497730872343173936}
  m_PrefabAsset: {fileID: 0}
--- !u!1001 &497730872343173936
PrefabInstance:
  m_ObjectHideFlags: 0
  serializedVersion: 2
  m_Modification:
    m_TransformParent: {fileID: 6595001415398662123}
    m_Modifications:
    - target: {fileID: 2815817722063130068, guid: cd4c841ba4e77ff4889fb1e650cb4a6e,
        type: 3}
      propertyPath: m_LocalPosition.x
      value: 2.39
      objectReference: {fileID: 0}
    - target: {fileID: 2815817722063130068, guid: cd4c841ba4e77ff4889fb1e650cb4a6e,
        type: 3}
      propertyPath: m_LocalPosition.y
      value: 4.79
      objectReference: {fileID: 0}
    - target: {fileID: 2815817722063130068, guid: cd4c841ba4e77ff4889fb1e650cb4a6e,
        type: 3}
      propertyPath: m_LocalPosition.z
      value: 0
      objectReference: {fileID: 0}
    - target: {fileID: 2815817722063130068, guid: cd4c841ba4e77ff4889fb1e650cb4a6e,
        type: 3}
      propertyPath: m_LocalRotation.x
      value: 0
      objectReference: {fileID: 0}
    - target: {fileID: 2815817722063130068, guid: cd4c841ba4e77ff4889fb1e650cb4a6e,
        type: 3}
      propertyPath: m_LocalRotation.y
      value: 0
      objectReference: {fileID: 0}
    - target: {fileID: 2815817722063130068, guid: cd4c841ba4e77ff4889fb1e650cb4a6e,
        type: 3}
      propertyPath: m_LocalRotation.z
      value: 0
      objectReference: {fileID: 0}
    - target: {fileID: 2815817722063130068, guid: cd4c841ba4e77ff4889fb1e650cb4a6e,
        type: 3}
      propertyPath: m_LocalRotation.w
      value: 1
      objectReference: {fileID: 0}
    - target: {fileID: 2815817722063130068, guid: cd4c841ba4e77ff4889fb1e650cb4a6e,
        type: 3}
      propertyPath: m_RootOrder
      value: 1
      objectReference: {fileID: 0}
    - target: {fileID: 2815817722063130068, guid: cd4c841ba4e77ff4889fb1e650cb4a6e,
        type: 3}
      propertyPath: m_LocalEulerAnglesHint.x
      value: 0
      objectReference: {fileID: 0}
    - target: {fileID: 2815817722063130068, guid: cd4c841ba4e77ff4889fb1e650cb4a6e,
        type: 3}
      propertyPath: m_LocalEulerAnglesHint.y
      value: 0
      objectReference: {fileID: 0}
    - target: {fileID: 2815817722063130068, guid: cd4c841ba4e77ff4889fb1e650cb4a6e,
        type: 3}
      propertyPath: m_LocalEulerAnglesHint.z
      value: 0
      objectReference: {fileID: 0}
    - target: {fileID: 2815817722063130070, guid: cd4c841ba4e77ff4889fb1e650cb4a6e,
        type: 3}
      propertyPath: m_Name
      value: EndZone
      objectReference: {fileID: 0}
    m_RemovedComponents: []
  m_SourcePrefab: {fileID: 100100000, guid: cd4c841ba4e77ff4889fb1e650cb4a6e, type: 3}
--- !u!1001 &1171422210906933869
PrefabInstance:
  m_ObjectHideFlags: 0
  serializedVersion: 2
  m_Modification:
    m_TransformParent: {fileID: 6595001415398662123}
    m_Modifications:
    - target: {fileID: 798692891266048764, guid: c5b067985f89bb94fb07e253c2927316,
        type: 3}
      propertyPath: m_LocalScale.x
      value: 0.5
      objectReference: {fileID: 0}
    - target: {fileID: 798692891266048764, guid: c5b067985f89bb94fb07e253c2927316,
        type: 3}
      propertyPath: m_LocalScale.y
      value: 0.5
      objectReference: {fileID: 0}
    - target: {fileID: 7508686913051274036, guid: c5b067985f89bb94fb07e253c2927316,
        type: 3}
      propertyPath: m_Name
      value: Ball
      objectReference: {fileID: 0}
    - target: {fileID: 7508686913051274058, guid: c5b067985f89bb94fb07e253c2927316,
        type: 3}
      propertyPath: m_LocalPosition.x
      value: -2.52
      objectReference: {fileID: 0}
    - target: {fileID: 7508686913051274058, guid: c5b067985f89bb94fb07e253c2927316,
        type: 3}
      propertyPath: m_LocalPosition.y
      value: -2.84
      objectReference: {fileID: 0}
    - target: {fileID: 7508686913051274058, guid: c5b067985f89bb94fb07e253c2927316,
        type: 3}
      propertyPath: m_LocalPosition.z
      value: 0
      objectReference: {fileID: 0}
    - target: {fileID: 7508686913051274058, guid: c5b067985f89bb94fb07e253c2927316,
        type: 3}
      propertyPath: m_LocalRotation.x
      value: -0
      objectReference: {fileID: 0}
    - target: {fileID: 7508686913051274058, guid: c5b067985f89bb94fb07e253c2927316,
        type: 3}
      propertyPath: m_LocalRotation.y
      value: -0
      objectReference: {fileID: 0}
    - target: {fileID: 7508686913051274058, guid: c5b067985f89bb94fb07e253c2927316,
        type: 3}
      propertyPath: m_LocalRotation.z
      value: -0
      objectReference: {fileID: 0}
    - target: {fileID: 7508686913051274058, guid: c5b067985f89bb94fb07e253c2927316,
        type: 3}
      propertyPath: m_LocalRotation.w
      value: 1
      objectReference: {fileID: 0}
    - target: {fileID: 7508686913051274058, guid: c5b067985f89bb94fb07e253c2927316,
        type: 3}
      propertyPath: m_RootOrder
      value: 2
      objectReference: {fileID: 0}
    - target: {fileID: 7508686913051274058, guid: c5b067985f89bb94fb07e253c2927316,
        type: 3}
      propertyPath: m_LocalEulerAnglesHint.x
      value: 0
      objectReference: {fileID: 0}
    - target: {fileID: 7508686913051274058, guid: c5b067985f89bb94fb07e253c2927316,
        type: 3}
      propertyPath: m_LocalEulerAnglesHint.y
      value: 0
      objectReference: {fileID: 0}
    - target: {fileID: 7508686913051274058, guid: c5b067985f89bb94fb07e253c2927316,
        type: 3}
      propertyPath: m_LocalEulerAnglesHint.z
      value: 0
      objectReference: {fileID: 0}
    m_RemovedComponents: []
  m_SourcePrefab: {fileID: 100100000, guid: c5b067985f89bb94fb07e253c2927316, type: 3}
--- !u!120 &3942368814671478292
LineRenderer:
  m_ObjectHideFlags: 0
  m_CorrespondingSourceObject: {fileID: 0}
  m_PrefabInstance: {fileID: 0}
  m_PrefabAsset: {fileID: 0}
  m_GameObject: {fileID: 6595001415398662121}
  m_Enabled: 0
  m_CastShadows: 1
  m_ReceiveShadows: 1
  m_DynamicOccludee: 1
  m_MotionVectors: 0
  m_LightProbeUsage: 0
  m_ReflectionProbeUsage: 0
  m_RayTracingMode: 0
  m_RayTraceProcedural: 0
  m_RenderingLayerMask: 1
  m_RendererPriority: 0
  m_Materials:
  - {fileID: 2100000, guid: 4aae71045430549dba1d4302642d8ade, type: 2}
  m_StaticBatchInfo:
    firstSubMesh: 0
    subMeshCount: 0
  m_StaticBatchRoot: {fileID: 0}
  m_ProbeAnchor: {fileID: 0}
  m_LightProbeVolumeOverride: {fileID: 0}
  m_ScaleInLightmap: 1
  m_ReceiveGI: 1
  m_PreserveUVs: 0
  m_IgnoreNormalsForChartDetection: 0
  m_ImportantGI: 0
  m_StitchLightmapSeams: 1
  m_SelectedEditorRenderState: 3
  m_MinimumChartSize: 4
  m_AutoUVMaxDistance: 0.5
  m_AutoUVMaxAngle: 89
  m_LightmapParameters: {fileID: 0}
  m_SortingLayerID: 0
  m_SortingLayer: 0
  m_SortingOrder: 99
  m_Positions:
  - {x: -0.46531895, y: 1.0627655, z: -2.5429688}
  - {x: -0.46531895, y: 1.0627655, z: -2.5429688}
  m_Parameters:
    serializedVersion: 3
    widthMultiplier: 1
    widthCurve:
      serializedVersion: 2
      m_Curve:
      - serializedVersion: 3
        time: 0.0065345764
        value: 1
        inSlope: 0
        outSlope: 0
        tangentMode: 0
        weightedMode: 0
        inWeight: 0.33333334
        outWeight: 0.33333334
      m_PreInfinity: 2
      m_PostInfinity: 2
      m_RotationOrder: 4
    colorGradient:
      serializedVersion: 2
      key0: {r: 0.33962262, g: 0.09451762, b: 0.09451762, a: 1}
      key1: {r: 1, g: 1, b: 1, a: 1}
      key2: {r: 0, g: 0, b: 0, a: 0}
      key3: {r: 0, g: 0, b: 0, a: 0}
      key4: {r: 0, g: 0, b: 0, a: 0}
      key5: {r: 0, g: 0, b: 0, a: 0}
      key6: {r: 0, g: 0, b: 0, a: 0}
      key7: {r: 0, g: 0, b: 0, a: 0}
      ctime0: 0
      ctime1: 65535
      ctime2: 0
      ctime3: 0
      ctime4: 0
      ctime5: 0
      ctime6: 0
      ctime7: 0
      atime0: 0
      atime1: 65535
      atime2: 0
      atime3: 0
      atime4: 0
      atime5: 0
      atime6: 0
      atime7: 0
      m_Mode: 0
      m_NumColorKeys: 2
      m_NumAlphaKeys: 2
    numCornerVertices: 0
    numCapVertices: 0
    alignment: 0
    textureMode: 0
    shadowBias: 0.5
    generateLightingData: 0
  m_UseWorldSpace: 1
  m_Loop: 0
--- !u!1 &6595001415398662121
GameObject:
  m_ObjectHideFlags: 0
  m_CorrespondingSourceObject: {fileID: 0}
  m_PrefabInstance: {fileID: 0}
  m_PrefabAsset: {fileID: 0}
  serializedVersion: 6
  m_Component:
  - component: {fileID: 6595001415398662123}
  - component: {fileID: 6595001415398662122}
  - component: {fileID: 3942368814671478292}
  m_Layer: 0
  m_Name: Game
  m_TagString: Untagged
  m_Icon: {fileID: 0}
  m_NavMeshLayer: 0
  m_StaticEditorFlags: 0
  m_IsActive: 1
--- !u!114 &6595001415398662122
MonoBehaviour:
  m_ObjectHideFlags: 0
  m_CorrespondingSourceObject: {fileID: 0}
  m_PrefabInstance: {fileID: 0}
  m_PrefabAsset: {fileID: 0}
  m_GameObject: {fileID: 6595001415398662121}
  m_Enabled: 1
  m_EditorHideFlags: 0
  m_Script: {fileID: 11500000, guid: a39cc730f840d2745ac4180e1edd094b, type: 3}
  m_Name: 
  m_EditorClassIdentifier: 
  defaultWeightless: 0
  levelTitle: They Move Now
  lineThickness: 15
  ball: {fileID: 96439898}
  maxLaunchInputDistance: 15
--- !u!4 &6595001415398662123
Transform:
  m_ObjectHideFlags: 0
  m_CorrespondingSourceObject: {fileID: 0}
  m_PrefabInstance: {fileID: 0}
  m_PrefabAsset: {fileID: 0}
  m_GameObject: {fileID: 6595001415398662121}
  m_LocalRotation: {x: 0, y: 0, z: 0, w: 1}
  m_LocalPosition: {x: 0, y: 0, z: 0}
  m_LocalScale: {x: 1, y: 1, z: 1}
  m_Children:
  - {fileID: 1700251713}
  - {fileID: 2144116893}
  - {fileID: 96439898}
  m_Father: {fileID: 0}
  m_RootOrder: 7
  m_LocalEulerAnglesHint: {x: 0, y: 0, z: 0}
