%YAML 1.1
%TAG !u! tag:unity3d.com,2011:
--- !u!29 &1
OcclusionCullingSettings:
  m_ObjectHideFlags: 0
  serializedVersion: 2
  m_OcclusionBakeSettings:
    smallestOccluder: 5
    smallestHole: 0.25
    backfaceThreshold: 100
  m_SceneGUID: 00000000000000000000000000000000
  m_OcclusionCullingData: {fileID: 0}
--- !u!104 &2
RenderSettings:
  m_ObjectHideFlags: 0
  serializedVersion: 9
  m_Fog: 0
  m_FogColor: {r: 0.5, g: 0.5, b: 0.5, a: 1}
  m_FogMode: 3
  m_FogDensity: 0.01
  m_LinearFogStart: 0
  m_LinearFogEnd: 300
  m_AmbientSkyColor: {r: 0.212, g: 0.227, b: 0.259, a: 1}
  m_AmbientEquatorColor: {r: 0.114, g: 0.125, b: 0.133, a: 1}
  m_AmbientGroundColor: {r: 0.047, g: 0.043, b: 0.035, a: 1}
  m_AmbientIntensity: 1
  m_AmbientMode: 3
  m_SubtractiveShadowColor: {r: 0.42, g: 0.478, b: 0.627, a: 1}
  m_SkyboxMaterial: {fileID: 0}
  m_HaloStrength: 0.5
  m_FlareStrength: 1
  m_FlareFadeSpeed: 3
  m_HaloTexture: {fileID: 0}
  m_SpotCookie: {fileID: 10001, guid: 0000000000000000e000000000000000, type: 0}
  m_DefaultReflectionMode: 0
  m_DefaultReflectionResolution: 128
  m_ReflectionBounces: 1
  m_ReflectionIntensity: 1
  m_CustomReflection: {fileID: 0}
  m_Sun: {fileID: 0}
  m_IndirectSpecularColor: {r: 0, g: 0, b: 0, a: 1}
  m_UseRadianceAmbientProbe: 0
--- !u!157 &3
LightmapSettings:
  m_ObjectHideFlags: 0
  serializedVersion: 12
  m_GIWorkflowMode: 1
  m_GISettings:
    serializedVersion: 2
    m_BounceScale: 1
    m_IndirectOutputScale: 1
    m_AlbedoBoost: 1
    m_EnvironmentLightingMode: 0
    m_EnableBakedLightmaps: 0
    m_EnableRealtimeLightmaps: 0
  m_LightmapEditorSettings:
    serializedVersion: 12
    m_Resolution: 2
    m_BakeResolution: 40
    m_AtlasSize: 1024
    m_AO: 0
    m_AOMaxDistance: 1
    m_CompAOExponent: 1
    m_CompAOExponentDirect: 0
    m_ExtractAmbientOcclusion: 0
    m_Padding: 2
    m_LightmapParameters: {fileID: 0}
    m_LightmapsBakeMode: 1
    m_TextureCompression: 1
    m_FinalGather: 0
    m_FinalGatherFiltering: 1
    m_FinalGatherRayCount: 256
    m_ReflectionCompression: 2
    m_MixedBakeMode: 2
    m_BakeBackend: 1
    m_PVRSampling: 1
    m_PVRDirectSampleCount: 32
    m_PVRSampleCount: 512
    m_PVRBounces: 2
    m_PVREnvironmentSampleCount: 256
    m_PVREnvironmentReferencePointCount: 2048
    m_PVRFilteringMode: 1
    m_PVRDenoiserTypeDirect: 1
    m_PVRDenoiserTypeIndirect: 1
    m_PVRDenoiserTypeAO: 1
    m_PVRFilterTypeDirect: 0
    m_PVRFilterTypeIndirect: 0
    m_PVRFilterTypeAO: 0
    m_PVREnvironmentMIS: 1
    m_PVRCulling: 1
    m_PVRFilteringGaussRadiusDirect: 1
    m_PVRFilteringGaussRadiusIndirect: 5
    m_PVRFilteringGaussRadiusAO: 2
    m_PVRFilteringAtrousPositionSigmaDirect: 0.5
    m_PVRFilteringAtrousPositionSigmaIndirect: 2
    m_PVRFilteringAtrousPositionSigmaAO: 1
    m_ExportTrainingData: 0
    m_TrainingDataDestination: TrainingData
    m_LightProbeSampleCountMultiplier: 4
  m_LightingDataAsset: {fileID: 0}
  m_LightingSettings: {fileID: 406079529}
--- !u!196 &4
NavMeshSettings:
  serializedVersion: 2
  m_ObjectHideFlags: 0
  m_BuildSettings:
    serializedVersion: 2
    agentTypeID: 0
    agentRadius: 0.5
    agentHeight: 2
    agentSlope: 45
    agentClimb: 0.4
    ledgeDropHeight: 0
    maxJumpAcrossDistance: 0
    minRegionArea: 2
    manualCellSize: 0
    cellSize: 0.16666667
    manualTileSize: 0
    tileSize: 256
    accuratePlacement: 0
    maxJobWorkers: 0
    preserveTilesOutsideBounds: 0
    debug:
      m_Flags: 0
  m_NavMeshData: {fileID: 0}
--- !u!1001 &106463101
PrefabInstance:
  m_ObjectHideFlags: 0
  serializedVersion: 2
  m_Modification:
    m_TransformParent: {fileID: 0}
    m_Modifications:
    - target: {fileID: 2425613407618682301, guid: 31d69c7f443588d4c80f44c947c6b4cf,
        type: 3}
      propertyPath: m_LocalPosition.x
      value: -2.03
      objectReference: {fileID: 0}
    - target: {fileID: 2425613407618682301, guid: 31d69c7f443588d4c80f44c947c6b4cf,
        type: 3}
      propertyPath: m_LocalPosition.y
      value: -2.09
      objectReference: {fileID: 0}
    - target: {fileID: 6616953925449827504, guid: 31d69c7f443588d4c80f44c947c6b4cf,
        type: 3}
      propertyPath: m_Name
      value: Game
      objectReference: {fileID: 0}
    - target: {fileID: 6616953925449827506, guid: 31d69c7f443588d4c80f44c947c6b4cf,
        type: 3}
      propertyPath: m_LocalPosition.x
      value: 0
      objectReference: {fileID: 0}
    - target: {fileID: 6616953925449827506, guid: 31d69c7f443588d4c80f44c947c6b4cf,
        type: 3}
      propertyPath: m_LocalPosition.y
      value: 0
      objectReference: {fileID: 0}
    - target: {fileID: 6616953925449827506, guid: 31d69c7f443588d4c80f44c947c6b4cf,
        type: 3}
      propertyPath: m_LocalPosition.z
      value: 0
      objectReference: {fileID: 0}
    - target: {fileID: 6616953925449827506, guid: 31d69c7f443588d4c80f44c947c6b4cf,
        type: 3}
      propertyPath: m_LocalRotation.x
      value: 0
      objectReference: {fileID: 0}
    - target: {fileID: 6616953925449827506, guid: 31d69c7f443588d4c80f44c947c6b4cf,
        type: 3}
      propertyPath: m_LocalRotation.y
      value: 0
      objectReference: {fileID: 0}
    - target: {fileID: 6616953925449827506, guid: 31d69c7f443588d4c80f44c947c6b4cf,
        type: 3}
      propertyPath: m_LocalRotation.z
      value: 0
      objectReference: {fileID: 0}
    - target: {fileID: 6616953925449827506, guid: 31d69c7f443588d4c80f44c947c6b4cf,
        type: 3}
      propertyPath: m_LocalRotation.w
      value: 1
      objectReference: {fileID: 0}
    - target: {fileID: 6616953925449827506, guid: 31d69c7f443588d4c80f44c947c6b4cf,
        type: 3}
      propertyPath: m_RootOrder
      value: 2
      objectReference: {fileID: 0}
    - target: {fileID: 6616953925449827506, guid: 31d69c7f443588d4c80f44c947c6b4cf,
        type: 3}
      propertyPath: m_LocalEulerAnglesHint.x
      value: 0
      objectReference: {fileID: 0}
    - target: {fileID: 6616953925449827506, guid: 31d69c7f443588d4c80f44c947c6b4cf,
        type: 3}
      propertyPath: m_LocalEulerAnglesHint.y
      value: 0
      objectReference: {fileID: 0}
    - target: {fileID: 6616953925449827506, guid: 31d69c7f443588d4c80f44c947c6b4cf,
        type: 3}
      propertyPath: m_LocalEulerAnglesHint.z
      value: 0
      objectReference: {fileID: 0}
    - target: {fileID: 6616953925449827507, guid: 31d69c7f443588d4c80f44c947c6b4cf,
        type: 3}
      propertyPath: levelTitle
      value: Going Down
      objectReference: {fileID: 0}
    - target: {fileID: 8658045955633756798, guid: 31d69c7f443588d4c80f44c947c6b4cf,
        type: 3}
      propertyPath: m_LocalPosition.x
      value: -1.99
      objectReference: {fileID: 0}
    - target: {fileID: 8658045955633756798, guid: 31d69c7f443588d4c80f44c947c6b4cf,
        type: 3}
      propertyPath: m_LocalPosition.y
      value: 1.21
      objectReference: {fileID: 0}
    m_RemovedComponents: []
  m_SourcePrefab: {fileID: 100100000, guid: 31d69c7f443588d4c80f44c947c6b4cf, type: 3}
--- !u!1 &328072242 stripped
GameObject:
  m_CorrespondingSourceObject: {fileID: 8251517187829707004, guid: 20d61828c4b7add4ab76664ba5f49296,
    type: 3}
  m_PrefabInstance: {fileID: 7224490873546621657}
  m_PrefabAsset: {fileID: 0}
--- !u!4 &328072243 stripped
Transform:
  m_CorrespondingSourceObject: {fileID: 2213258506049724844, guid: 20d61828c4b7add4ab76664ba5f49296,
    type: 3}
  m_PrefabInstance: {fileID: 7224490873546621657}
  m_PrefabAsset: {fileID: 0}
--- !u!850595691 &406079529
LightingSettings:
  m_ObjectHideFlags: 0
  m_CorrespondingSourceObject: {fileID: 0}
  m_PrefabInstance: {fileID: 0}
  m_PrefabAsset: {fileID: 0}
  m_Name: Settings.lighting
  serializedVersion: 2
  m_GIWorkflowMode: 1
  m_EnableBakedLightmaps: 0
  m_EnableRealtimeLightmaps: 0
  m_RealtimeEnvironmentLighting: 1
  m_BounceScale: 1
  m_AlbedoBoost: 1
  m_IndirectOutputScale: 1
  m_UsingShadowmask: 1
  m_BakeBackend: 1
  m_LightmapMaxSize: 1024
  m_BakeResolution: 40
  m_Padding: 2
  m_TextureCompression: 1
  m_AO: 0
  m_AOMaxDistance: 1
  m_CompAOExponent: 1
  m_CompAOExponentDirect: 0
  m_ExtractAO: 0
  m_MixedBakeMode: 2
  m_LightmapsBakeMode: 1
  m_FilterMode: 1
  m_LightmapParameters: {fileID: 0}
  m_ExportTrainingData: 0
  m_TrainingDataDestination: TrainingData
  m_RealtimeResolution: 2
  m_ForceWhiteAlbedo: 0
  m_ForceUpdates: 0
  m_FinalGather: 0
  m_FinalGatherRayCount: 256
  m_FinalGatherFiltering: 1
  m_PVRCulling: 1
  m_PVRSampling: 1
  m_PVRDirectSampleCount: 32
  m_PVRSampleCount: 512
  m_PVREnvironmentSampleCount: 256
  m_PVREnvironmentReferencePointCount: 2048
  m_LightProbeSampleCountMultiplier: 4
  m_PVRBounces: 2
  m_PVRRussianRouletteStartBounce: 2
  m_PVREnvironmentMIS: 1
  m_PVRFilteringMode: 1
  m_PVRDenoiserTypeDirect: 1
  m_PVRDenoiserTypeIndirect: 1
  m_PVRDenoiserTypeAO: 1
  m_PVRFilterTypeDirect: 0
  m_PVRFilterTypeIndirect: 0
  m_PVRFilterTypeAO: 0
  m_PVRFilteringGaussRadiusDirect: 1
  m_PVRFilteringGaussRadiusIndirect: 5
  m_PVRFilteringGaussRadiusAO: 2
  m_PVRFilteringAtrousPositionSigmaDirect: 0.5
  m_PVRFilteringAtrousPositionSigmaIndirect: 2
  m_PVRFilteringAtrousPositionSigmaAO: 1
--- !u!1001 &629184756
PrefabInstance:
  m_ObjectHideFlags: 0
  serializedVersion: 2
  m_Modification:
    m_TransformParent: {fileID: 0}
    m_Modifications:
    - target: {fileID: 5674921983386967922, guid: 240c21d7ed7a69a41980386ac66f3b04,
        type: 3}
      propertyPath: m_Name
      value: Main Camera
      objectReference: {fileID: 0}
    - target: {fileID: 5674921983386967925, guid: 240c21d7ed7a69a41980386ac66f3b04,
        type: 3}
      propertyPath: m_LocalPosition.x
      value: 0
      objectReference: {fileID: 0}
    - target: {fileID: 5674921983386967925, guid: 240c21d7ed7a69a41980386ac66f3b04,
        type: 3}
      propertyPath: m_LocalPosition.y
      value: 0
      objectReference: {fileID: 0}
    - target: {fileID: 5674921983386967925, guid: 240c21d7ed7a69a41980386ac66f3b04,
        type: 3}
      propertyPath: m_LocalPosition.z
      value: -10
      objectReference: {fileID: 0}
    - target: {fileID: 5674921983386967925, guid: 240c21d7ed7a69a41980386ac66f3b04,
        type: 3}
      propertyPath: m_LocalRotation.x
      value: 0
      objectReference: {fileID: 0}
    - target: {fileID: 5674921983386967925, guid: 240c21d7ed7a69a41980386ac66f3b04,
        type: 3}
      propertyPath: m_LocalRotation.y
      value: 0
      objectReference: {fileID: 0}
    - target: {fileID: 5674921983386967925, guid: 240c21d7ed7a69a41980386ac66f3b04,
        type: 3}
      propertyPath: m_LocalRotation.z
      value: 0
      objectReference: {fileID: 0}
    - target: {fileID: 5674921983386967925, guid: 240c21d7ed7a69a41980386ac66f3b04,
        type: 3}
      propertyPath: m_LocalRotation.w
      value: 1
      objectReference: {fileID: 0}
    - target: {fileID: 5674921983386967925, guid: 240c21d7ed7a69a41980386ac66f3b04,
        type: 3}
      propertyPath: m_RootOrder
      value: 0
      objectReference: {fileID: 0}
    - target: {fileID: 5674921983386967925, guid: 240c21d7ed7a69a41980386ac66f3b04,
        type: 3}
      propertyPath: m_LocalEulerAnglesHint.x
      value: 0
      objectReference: {fileID: 0}
    - target: {fileID: 5674921983386967925, guid: 240c21d7ed7a69a41980386ac66f3b04,
        type: 3}
      propertyPath: m_LocalEulerAnglesHint.y
      value: 0
      objectReference: {fileID: 0}
    - target: {fileID: 5674921983386967925, guid: 240c21d7ed7a69a41980386ac66f3b04,
        type: 3}
      propertyPath: m_LocalEulerAnglesHint.z
      value: 0
      objectReference: {fileID: 0}
    m_RemovedComponents: []
  m_SourcePrefab: {fileID: 100100000, guid: 240c21d7ed7a69a41980386ac66f3b04, type: 3}
--- !u!1001 &954281883
PrefabInstance:
  m_ObjectHideFlags: 0
  serializedVersion: 2
  m_Modification:
    m_TransformParent: {fileID: 4467075487252252239}
    m_Modifications:
    - target: {fileID: 8313891094812172401, guid: 987577902728a5246815653b4322c828,
        type: 3}
      propertyPath: m_Name
      value: DeathPlane
      objectReference: {fileID: 0}
    - target: {fileID: 8313891094812172407, guid: 987577902728a5246815653b4322c828,
        type: 3}
      propertyPath: m_LocalPosition.x
      value: 0
      objectReference: {fileID: 0}
    - target: {fileID: 8313891094812172407, guid: 987577902728a5246815653b4322c828,
        type: 3}
      propertyPath: m_LocalPosition.y
      value: 9.3
      objectReference: {fileID: 0}
    - target: {fileID: 8313891094812172407, guid: 987577902728a5246815653b4322c828,
        type: 3}
      propertyPath: m_LocalPosition.z
      value: 0
      objectReference: {fileID: 0}
    - target: {fileID: 8313891094812172407, guid: 987577902728a5246815653b4322c828,
        type: 3}
      propertyPath: m_LocalRotation.x
      value: -0
      objectReference: {fileID: 0}
    - target: {fileID: 8313891094812172407, guid: 987577902728a5246815653b4322c828,
        type: 3}
      propertyPath: m_LocalRotation.y
      value: -0
      objectReference: {fileID: 0}
    - target: {fileID: 8313891094812172407, guid: 987577902728a5246815653b4322c828,
        type: 3}
      propertyPath: m_LocalRotation.z
      value: -0
      objectReference: {fileID: 0}
    - target: {fileID: 8313891094812172407, guid: 987577902728a5246815653b4322c828,
        type: 3}
      propertyPath: m_LocalRotation.w
      value: 1
      objectReference: {fileID: 0}
    - target: {fileID: 8313891094812172407, guid: 987577902728a5246815653b4322c828,
        type: 3}
      propertyPath: m_RootOrder
      value: 3
      objectReference: {fileID: 0}
    - target: {fileID: 8313891094812172407, guid: 987577902728a5246815653b4322c828,
        type: 3}
      propertyPath: m_LocalEulerAnglesHint.x
      value: 0
      objectReference: {fileID: 0}
    - target: {fileID: 8313891094812172407, guid: 987577902728a5246815653b4322c828,
        type: 3}
      propertyPath: m_LocalEulerAnglesHint.y
      value: 0
      objectReference: {fileID: 0}
    - target: {fileID: 8313891094812172407, guid: 987577902728a5246815653b4322c828,
        type: 3}
      propertyPath: m_LocalEulerAnglesHint.z
      value: 0
      objectReference: {fileID: 0}
    m_RemovedComponents: []
  m_SourcePrefab: {fileID: 100100000, guid: 987577902728a5246815653b4322c828, type: 3}
--- !u!1001 &1355882778
PrefabInstance:
  m_ObjectHideFlags: 0
  serializedVersion: 2
  m_Modification:
    m_TransformParent: {fileID: 0}
    m_Modifications:
    - target: {fileID: -612627272679162005, guid: 16ea10656cf1c1549a710cf12255ebe0,
        type: 3}
      propertyPath: m_Name
      value: NonStickSurface
      objectReference: {fileID: 0}
    - target: {fileID: 1966902567163653691, guid: 16ea10656cf1c1549a710cf12255ebe0,
        type: 3}
      propertyPath: m_LocalPosition.x
      value: -2.15
      objectReference: {fileID: 0}
    - target: {fileID: 1966902567163653691, guid: 16ea10656cf1c1549a710cf12255ebe0,
        type: 3}
      propertyPath: m_LocalPosition.y
      value: 0.06
      objectReference: {fileID: 0}
    - target: {fileID: 1966902567163653691, guid: 16ea10656cf1c1549a710cf12255ebe0,
        type: 3}
      propertyPath: m_LocalPosition.z
      value: 0
      objectReference: {fileID: 0}
    - target: {fileID: 1966902567163653691, guid: 16ea10656cf1c1549a710cf12255ebe0,
        type: 3}
      propertyPath: m_LocalRotation.x
      value: 0
      objectReference: {fileID: 0}
    - target: {fileID: 1966902567163653691, guid: 16ea10656cf1c1549a710cf12255ebe0,
        type: 3}
      propertyPath: m_LocalRotation.y
      value: 0
      objectReference: {fileID: 0}
    - target: {fileID: 1966902567163653691, guid: 16ea10656cf1c1549a710cf12255ebe0,
        type: 3}
      propertyPath: m_LocalRotation.z
      value: 0
      objectReference: {fileID: 0}
    - target: {fileID: 1966902567163653691, guid: 16ea10656cf1c1549a710cf12255ebe0,
        type: 3}
      propertyPath: m_LocalRotation.w
      value: 1
      objectReference: {fileID: 0}
    - target: {fileID: 1966902567163653691, guid: 16ea10656cf1c1549a710cf12255ebe0,
        type: 3}
      propertyPath: m_RootOrder
      value: 1
      objectReference: {fileID: 0}
    - target: {fileID: 1966902567163653691, guid: 16ea10656cf1c1549a710cf12255ebe0,
        type: 3}
      propertyPath: m_LocalEulerAnglesHint.x
      value: 0
      objectReference: {fileID: 0}
    - target: {fileID: 1966902567163653691, guid: 16ea10656cf1c1549a710cf12255ebe0,
        type: 3}
      propertyPath: m_LocalEulerAnglesHint.y
      value: 0
      objectReference: {fileID: 0}
    - target: {fileID: 1966902567163653691, guid: 16ea10656cf1c1549a710cf12255ebe0,
        type: 3}
      propertyPath: m_LocalEulerAnglesHint.z
      value: 0
      objectReference: {fileID: 0}
    - target: {fileID: 5832141777309001605, guid: 16ea10656cf1c1549a710cf12255ebe0,
        type: 3}
      propertyPath: m_Size.y
      value: 0.9739984
      objectReference: {fileID: 0}
    - target: {fileID: 5832141777309001605, guid: 16ea10656cf1c1549a710cf12255ebe0,
        type: 3}
      propertyPath: m_Size.x
      value: 3.621233
      objectReference: {fileID: 0}
    m_RemovedComponents: []
  m_SourcePrefab: {fileID: 100100000, guid: 16ea10656cf1c1549a710cf12255ebe0, type: 3}
--- !u!4 &1591873594 stripped
Transform:
  m_CorrespondingSourceObject: {fileID: 1703737885775570374, guid: 2e642c9a85b7cf945b494dbce4443015,
    type: 3}
  m_PrefabInstance: {fileID: 5278032492841244371}
  m_PrefabAsset: {fileID: 0}
--- !u!114 &1591873596 stripped
MonoBehaviour:
  m_CorrespondingSourceObject: {fileID: 8627156386865239418, guid: 2e642c9a85b7cf945b494dbce4443015,
    type: 3}
  m_PrefabInstance: {fileID: 5278032492841244371}
  m_PrefabAsset: {fileID: 0}
  m_GameObject: {fileID: 0}
  m_Enabled: 1
  m_EditorHideFlags: 0
  m_Script: {fileID: 11500000, guid: 8ee42a36d6e340948be45800a7f808be, type: 3}
  m_Name: 
  m_EditorClassIdentifier: 
--- !u!4 &1628506286 stripped
Transform:
  m_CorrespondingSourceObject: {fileID: 6616953925449827506, guid: 31d69c7f443588d4c80f44c947c6b4cf,
    type: 3}
  m_PrefabInstance: {fileID: 106463101}
  m_PrefabAsset: {fileID: 0}
--- !u!1001 &2121704022
PrefabInstance:
  m_ObjectHideFlags: 0
  serializedVersion: 2
  m_Modification:
    m_TransformParent: {fileID: 0}
    m_Modifications:
    - target: {fileID: 8953820760519076289, guid: b366b6e50aae23b42b06cac0dc1fa78a,
        type: 3}
      propertyPath: m_Name
      value: LevelControl
      objectReference: {fileID: 0}
    - target: {fileID: 8953820760519076291, guid: b366b6e50aae23b42b06cac0dc1fa78a,
        type: 3}
      propertyPath: m_LocalPosition.x
      value: 450.00824
      objectReference: {fileID: 0}
    - target: {fileID: 8953820760519076291, guid: b366b6e50aae23b42b06cac0dc1fa78a,
        type: 3}
      propertyPath: m_LocalPosition.y
      value: 293.99567
      objectReference: {fileID: 0}
    - target: {fileID: 8953820760519076291, guid: b366b6e50aae23b42b06cac0dc1fa78a,
        type: 3}
      propertyPath: m_LocalPosition.z
      value: -1449.75
      objectReference: {fileID: 0}
    - target: {fileID: 8953820760519076291, guid: b366b6e50aae23b42b06cac0dc1fa78a,
        type: 3}
      propertyPath: m_LocalRotation.x
      value: 0
      objectReference: {fileID: 0}
    - target: {fileID: 8953820760519076291, guid: b366b6e50aae23b42b06cac0dc1fa78a,
        type: 3}
      propertyPath: m_LocalRotation.y
      value: 0
      objectReference: {fileID: 0}
    - target: {fileID: 8953820760519076291, guid: b366b6e50aae23b42b06cac0dc1fa78a,
        type: 3}
      propertyPath: m_LocalRotation.z
      value: 0
      objectReference: {fileID: 0}
    - target: {fileID: 8953820760519076291, guid: b366b6e50aae23b42b06cac0dc1fa78a,
        type: 3}
      propertyPath: m_LocalRotation.w
      value: 1
      objectReference: {fileID: 0}
    - target: {fileID: 8953820760519076291, guid: b366b6e50aae23b42b06cac0dc1fa78a,
        type: 3}
      propertyPath: m_RootOrder
      value: 4
      objectReference: {fileID: 0}
    - target: {fileID: 8953820760519076291, guid: b366b6e50aae23b42b06cac0dc1fa78a,
        type: 3}
      propertyPath: m_LocalEulerAnglesHint.x
      value: 0
      objectReference: {fileID: 0}
    - target: {fileID: 8953820760519076291, guid: b366b6e50aae23b42b06cac0dc1fa78a,
        type: 3}
      propertyPath: m_LocalEulerAnglesHint.y
      value: 0
      objectReference: {fileID: 0}
    - target: {fileID: 8953820760519076291, guid: b366b6e50aae23b42b06cac0dc1fa78a,
        type: 3}
      propertyPath: m_LocalEulerAnglesHint.z
      value: 0
      objectReference: {fileID: 0}
    - target: {fileID: 8953820760981650356, guid: b366b6e50aae23b42b06cac0dc1fa78a,
        type: 3}
      propertyPath: m_LocalPosition.z
      value: 0
      objectReference: {fileID: 0}
    m_RemovedComponents: []
  m_SourcePrefab: {fileID: 100100000, guid: b366b6e50aae23b42b06cac0dc1fa78a, type: 3}
--- !u!114 &948888638716422066
MonoBehaviour:
  m_ObjectHideFlags: 0
  m_CorrespondingSourceObject: {fileID: 0}
  m_PrefabInstance: {fileID: 0}
  m_PrefabAsset: {fileID: 0}
  m_GameObject: {fileID: 328072242}
  m_Enabled: 1
  m_EditorHideFlags: 0
  m_Script: {fileID: 11500000, guid: 87e32b5ac8c0c844781f8339c686513b, type: 3}
  m_Name: 
  m_EditorClassIdentifier: 
  pathController: {fileID: 1591873596}
  startTrigger: {fileID: 0}
  speed: 1
  rotationalSpeed: 0
  delayStart: 0
  pathIndex: 0
  freeRotation: 0
  holdInLastPosition: 0
  mode: 0
--- !u!1 &3692564510097349585
GameObject:
  m_ObjectHideFlags: 0
  m_CorrespondingSourceObject: {fileID: 0}
  m_PrefabInstance: {fileID: 0}
  m_PrefabAsset: {fileID: 0}
  serializedVersion: 6
  m_Component:
  - component: {fileID: 4335813665170139048}
  m_Layer: 0
  m_Name: MovingPlatformStick
  m_TagString: Untagged
  m_Icon: {fileID: 0}
  m_NavMeshLayer: 0
  m_StaticEditorFlags: 0
  m_IsActive: 1
--- !u!4 &4335813665170139048
Transform:
  m_ObjectHideFlags: 0
  m_CorrespondingSourceObject: {fileID: 0}
  m_PrefabInstance: {fileID: 0}
  m_PrefabAsset: {fileID: 0}
  m_GameObject: {fileID: 3692564510097349585}
  m_LocalRotation: {x: 0, y: 0, z: 0, w: 1}
  m_LocalPosition: {x: 0, y: 0, z: 0}
  m_LocalScale: {x: 1, y: 1, z: 1}
  m_Children:
  - {fileID: 328072243}
  - {fileID: 1591873594}
  m_Father: {fileID: 1628506286}
  m_RootOrder: 2
  m_LocalEulerAnglesHint: {x: 0, y: 0, z: 0}
--- !u!1001 &4467075487252252238
PrefabInstance:
  m_ObjectHideFlags: 0
  serializedVersion: 2
  m_Modification:
    m_TransformParent: {fileID: 0}
    m_Modifications:
    - target: {fileID: 1906270890428089943, guid: 8a888ee0055815346b18fe722f2df62f,
        type: 3}
      propertyPath: m_LocalPosition.x
      value: 0
      objectReference: {fileID: 0}
    - target: {fileID: 1906270890428089943, guid: 8a888ee0055815346b18fe722f2df62f,
        type: 3}
      propertyPath: m_LocalPosition.y
      value: 0
      objectReference: {fileID: 0}
    - target: {fileID: 1906270890428089943, guid: 8a888ee0055815346b18fe722f2df62f,
        type: 3}
      propertyPath: m_LocalPosition.z
      value: 0
      objectReference: {fileID: 0}
    - target: {fileID: 1906270890428089943, guid: 8a888ee0055815346b18fe722f2df62f,
        type: 3}
      propertyPath: m_LocalRotation.x
      value: 0
      objectReference: {fileID: 0}
    - target: {fileID: 1906270890428089943, guid: 8a888ee0055815346b18fe722f2df62f,
        type: 3}
      propertyPath: m_LocalRotation.y
      value: 0
      objectReference: {fileID: 0}
    - target: {fileID: 1906270890428089943, guid: 8a888ee0055815346b18fe722f2df62f,
        type: 3}
      propertyPath: m_LocalRotation.z
      value: 0
      objectReference: {fileID: 0}
    - target: {fileID: 1906270890428089943, guid: 8a888ee0055815346b18fe722f2df62f,
        type: 3}
      propertyPath: m_LocalRotation.w
      value: 1
      objectReference: {fileID: 0}
    - target: {fileID: 1906270890428089943, guid: 8a888ee0055815346b18fe722f2df62f,
        type: 3}
      propertyPath: m_RootOrder
      value: 3
      objectReference: {fileID: 0}
    - target: {fileID: 1906270890428089943, guid: 8a888ee0055815346b18fe722f2df62f,
        type: 3}
      propertyPath: m_LocalEulerAnglesHint.x
      value: 0
      objectReference: {fileID: 0}
    - target: {fileID: 1906270890428089943, guid: 8a888ee0055815346b18fe722f2df62f,
        type: 3}
      propertyPath: m_LocalEulerAnglesHint.y
      value: 0
      objectReference: {fileID: 0}
    - target: {fileID: 1906270890428089943, guid: 8a888ee0055815346b18fe722f2df62f,
        type: 3}
      propertyPath: m_LocalEulerAnglesHint.z
      value: 0
      objectReference: {fileID: 0}
    - target: {fileID: 3085043712256625495, guid: 8a888ee0055815346b18fe722f2df62f,
        type: 3}
      propertyPath: m_LocalPosition.x
      value: 0
      objectReference: {fileID: 0}
    - target: {fileID: 3085043712256625495, guid: 8a888ee0055815346b18fe722f2df62f,
        type: 3}
      propertyPath: m_LocalPosition.y
      value: -9.3
      objectReference: {fileID: 0}
    - target: {fileID: 4113728420678813917, guid: 8a888ee0055815346b18fe722f2df62f,
        type: 3}
      propertyPath: m_Name
      value: StandardDeathZones
      objectReference: {fileID: 0}
    - target: {fileID: 4769268577917902065, guid: 8a888ee0055815346b18fe722f2df62f,
        type: 3}
      propertyPath: m_LocalPosition.y
      value: 0
      objectReference: {fileID: 0}
    - target: {fileID: 4769268577917902065, guid: 8a888ee0055815346b18fe722f2df62f,
        type: 3}
      propertyPath: m_LocalPosition.z
      value: 0
      objectReference: {fileID: 0}
    - target: {fileID: 4769268577917902065, guid: 8a888ee0055815346b18fe722f2df62f,
        type: 3}
      propertyPath: m_LocalPosition.x
      value: -5.8
      objectReference: {fileID: 0}
    - target: {fileID: 6689652316756464443, guid: 8a888ee0055815346b18fe722f2df62f,
        type: 3}
      propertyPath: m_LocalPosition.y
      value: 0
      objectReference: {fileID: 0}
    - target: {fileID: 6689652316756464443, guid: 8a888ee0055815346b18fe722f2df62f,
        type: 3}
      propertyPath: m_LocalPosition.z
      value: 0
      objectReference: {fileID: 0}
    - target: {fileID: 6689652316756464443, guid: 8a888ee0055815346b18fe722f2df62f,
        type: 3}
      propertyPath: m_LocalPosition.x
      value: 5.8
      objectReference: {fileID: 0}
    m_RemovedComponents: []
  m_SourcePrefab: {fileID: 100100000, guid: 8a888ee0055815346b18fe722f2df62f, type: 3}
--- !u!4 &4467075487252252239 stripped
Transform:
  m_CorrespondingSourceObject: {fileID: 1906270890428089943, guid: 8a888ee0055815346b18fe722f2df62f,
    type: 3}
  m_PrefabInstance: {fileID: 4467075487252252238}
  m_PrefabAsset: {fileID: 0}
--- !u!1001 &5278032492841244371
PrefabInstance:
  m_ObjectHideFlags: 0
  serializedVersion: 2
  m_Modification:
    m_TransformParent: {fileID: 4335813665170139048}
    m_Modifications:
    - target: {fileID: 1024715076865980261, guid: 2e642c9a85b7cf945b494dbce4443015,
        type: 3}
      propertyPath: m_Enabled
      value: 0
      objectReference: {fileID: 0}
    - target: {fileID: 1703737885775570374, guid: 2e642c9a85b7cf945b494dbce4443015,
        type: 3}
      propertyPath: m_LocalPosition.x
      value: 3.25
      objectReference: {fileID: 0}
    - target: {fileID: 1703737885775570374, guid: 2e642c9a85b7cf945b494dbce4443015,
        type: 3}
      propertyPath: m_LocalPosition.y
      value: 2.76
      objectReference: {fileID: 0}
    - target: {fileID: 1703737885775570374, guid: 2e642c9a85b7cf945b494dbce4443015,
        type: 3}
      propertyPath: m_LocalPosition.z
      value: 0
      objectReference: {fileID: 0}
    - target: {fileID: 1703737885775570374, guid: 2e642c9a85b7cf945b494dbce4443015,
        type: 3}
      propertyPath: m_LocalRotation.x
      value: -0
      objectReference: {fileID: 0}
    - target: {fileID: 1703737885775570374, guid: 2e642c9a85b7cf945b494dbce4443015,
        type: 3}
      propertyPath: m_LocalRotation.y
      value: -0
      objectReference: {fileID: 0}
    - target: {fileID: 1703737885775570374, guid: 2e642c9a85b7cf945b494dbce4443015,
        type: 3}
      propertyPath: m_LocalRotation.z
      value: -0
      objectReference: {fileID: 0}
    - target: {fileID: 1703737885775570374, guid: 2e642c9a85b7cf945b494dbce4443015,
        type: 3}
      propertyPath: m_LocalRotation.w
      value: 1
      objectReference: {fileID: 0}
    - target: {fileID: 1703737885775570374, guid: 2e642c9a85b7cf945b494dbce4443015,
        type: 3}
      propertyPath: m_RootOrder
      value: 1
      objectReference: {fileID: 0}
    - target: {fileID: 1703737885775570374, guid: 2e642c9a85b7cf945b494dbce4443015,
        type: 3}
      propertyPath: m_LocalEulerAnglesHint.x
      value: 0
      objectReference: {fileID: 0}
    - target: {fileID: 1703737885775570374, guid: 2e642c9a85b7cf945b494dbce4443015,
        type: 3}
      propertyPath: m_LocalEulerAnglesHint.y
      value: 0
      objectReference: {fileID: 0}
    - target: {fileID: 1703737885775570374, guid: 2e642c9a85b7cf945b494dbce4443015,
        type: 3}
      propertyPath: m_LocalEulerAnglesHint.z
      value: 0
      objectReference: {fileID: 0}
    - target: {fileID: 5901624262646948083, guid: 2e642c9a85b7cf945b494dbce4443015,
        type: 3}
      propertyPath: m_Name
      value: PlatformPath
      objectReference: {fileID: 0}
    m_RemovedComponents: []
  m_SourcePrefab: {fileID: 100100000, guid: 2e642c9a85b7cf945b494dbce4443015, type: 3}
--- !u!1001 &7224490873546621657
PrefabInstance:
  m_ObjectHideFlags: 0
  serializedVersion: 2
  m_Modification:
    m_TransformParent: {fileID: 4335813665170139048}
    m_Modifications:
    - target: {fileID: 2213258506049724844, guid: 20d61828c4b7add4ab76664ba5f49296,
        type: 3}
      propertyPath: m_LocalPosition.x
      value: 3.2
      objectReference: {fileID: 0}
    - target: {fileID: 2213258506049724844, guid: 20d61828c4b7add4ab76664ba5f49296,
        type: 3}
      propertyPath: m_LocalPosition.y
      value: 2.76
      objectReference: {fileID: 0}
    - target: {fileID: 2213258506049724844, guid: 20d61828c4b7add4ab76664ba5f49296,
        type: 3}
      propertyPath: m_LocalPosition.z
      value: 0
      objectReference: {fileID: 0}
    - target: {fileID: 2213258506049724844, guid: 20d61828c4b7add4ab76664ba5f49296,
        type: 3}
      propertyPath: m_LocalRotation.x
      value: 0
      objectReference: {fileID: 0}
    - target: {fileID: 2213258506049724844, guid: 20d61828c4b7add4ab76664ba5f49296,
        type: 3}
      propertyPath: m_LocalRotation.y
      value: 0
      objectReference: {fileID: 0}
    - target: {fileID: 2213258506049724844, guid: 20d61828c4b7add4ab76664ba5f49296,
        type: 3}
      propertyPath: m_LocalRotation.z
      value: 0
      objectReference: {fileID: 0}
    - target: {fileID: 2213258506049724844, guid: 20d61828c4b7add4ab76664ba5f49296,
        type: 3}
      propertyPath: m_LocalRotation.w
      value: 1
      objectReference: {fileID: 0}
    - target: {fileID: 2213258506049724844, guid: 20d61828c4b7add4ab76664ba5f49296,
        type: 3}
      propertyPath: m_RootOrder
      value: 0
      objectReference: {fileID: 0}
    - target: {fileID: 2213258506049724844, guid: 20d61828c4b7add4ab76664ba5f49296,
        type: 3}
      propertyPath: m_LocalEulerAnglesHint.x
      value: 0
      objectReference: {fileID: 0}
    - target: {fileID: 2213258506049724844, guid: 20d61828c4b7add4ab76664ba5f49296,
        type: 3}
      propertyPath: m_LocalEulerAnglesHint.y
      value: 0
      objectReference: {fileID: 0}
    - target: {fileID: 2213258506049724844, guid: 20d61828c4b7add4ab76664ba5f49296,
        type: 3}
      propertyPath: m_LocalEulerAnglesHint.z
      value: 0
      objectReference: {fileID: 0}
    - target: {fileID: 6130291483348346898, guid: 20d61828c4b7add4ab76664ba5f49296,
        type: 3}
      propertyPath: m_Size.x
      value: 0.80854607
      objectReference: {fileID: 0}
    - target: {fileID: 6130291483348346898, guid: 20d61828c4b7add4ab76664ba5f49296,
        type: 3}
      propertyPath: m_Size.y
      value: 2.4630678
      objectReference: {fileID: 0}
    - target: {fileID: 8251517187829707004, guid: 20d61828c4b7add4ab76664ba5f49296,
        type: 3}
      propertyPath: m_Name
      value: StickSurface
      objectReference: {fileID: 0}
    m_RemovedComponents: []
  m_SourcePrefab: {fileID: 100100000, guid: 20d61828c4b7add4ab76664ba5f49296, type: 3}
--- !u!1001 &7571468188768214579
PrefabInstance:
  m_ObjectHideFlags: 0
  serializedVersion: 2
  m_Modification:
    m_TransformParent: {fileID: 1591873594}
    m_Modifications:
    - target: {fileID: 372690867108196953, guid: a5667812a91a4574eb04d9598e6ccee2,
        type: 3}
      propertyPath: m_LocalPosition.x
      value: -0.06
      objectReference: {fileID: 0}
    - target: {fileID: 372690867108196953, guid: a5667812a91a4574eb04d9598e6ccee2,
        type: 3}
      propertyPath: m_LocalPosition.y
      value: -4.8
      objectReference: {fileID: 0}
    - target: {fileID: 372690867108196953, guid: a5667812a91a4574eb04d9598e6ccee2,
        type: 3}
      propertyPath: m_LocalPosition.z
      value: 0
      objectReference: {fileID: 0}
    - target: {fileID: 372690867108196953, guid: a5667812a91a4574eb04d9598e6ccee2,
        type: 3}
      propertyPath: m_LocalRotation.x
      value: 0
      objectReference: {fileID: 0}
    - target: {fileID: 372690867108196953, guid: a5667812a91a4574eb04d9598e6ccee2,
        type: 3}
      propertyPath: m_LocalRotation.y
      value: 0
      objectReference: {fileID: 0}
    - target: {fileID: 372690867108196953, guid: a5667812a91a4574eb04d9598e6ccee2,
        type: 3}
      propertyPath: m_LocalRotation.z
      value: 0
      objectReference: {fileID: 0}
    - target: {fileID: 372690867108196953, guid: a5667812a91a4574eb04d9598e6ccee2,
        type: 3}
      propertyPath: m_LocalRotation.w
      value: 1
      objectReference: {fileID: 0}
    - target: {fileID: 372690867108196953, guid: a5667812a91a4574eb04d9598e6ccee2,
        type: 3}
      propertyPath: m_RootOrder
      value: 0
      objectReference: {fileID: 0}
    - target: {fileID: 372690867108196953, guid: a5667812a91a4574eb04d9598e6ccee2,
        type: 3}
      propertyPath: m_LocalEulerAnglesHint.x
      value: 0
      objectReference: {fileID: 0}
    - target: {fileID: 372690867108196953, guid: a5667812a91a4574eb04d9598e6ccee2,
        type: 3}
      propertyPath: m_LocalEulerAnglesHint.y
      value: 0
      objectReference: {fileID: 0}
    - target: {fileID: 372690867108196953, guid: a5667812a91a4574eb04d9598e6ccee2,
        type: 3}
      propertyPath: m_LocalEulerAnglesHint.z
      value: 0
      objectReference: {fileID: 0}
    - target: {fileID: 3847994394872238151, guid: a5667812a91a4574eb04d9598e6ccee2,
        type: 3}
      propertyPath: m_Name
      value: Point1
      objectReference: {fileID: 0}
    - target: {fileID: 8823964749292666321, guid: a5667812a91a4574eb04d9598e6ccee2,
        type: 3}
      propertyPath: m_Enabled
      value: 0
      objectReference: {fileID: 0}
    m_RemovedComponents: []
  m_SourcePrefab: {fileID: 100100000, guid: a5667812a91a4574eb04d9598e6ccee2, type: 3}
