%YAML 1.1
%TAG !u! tag:unity3d.com,2011:
--- !u!29 &1
OcclusionCullingSettings:
  m_ObjectHideFlags: 0
  serializedVersion: 2
  m_OcclusionBakeSettings:
    smallestOccluder: 5
    smallestHole: 0.25
    backfaceThreshold: 100
  m_SceneGUID: 00000000000000000000000000000000
  m_OcclusionCullingData: {fileID: 0}
--- !u!104 &2
RenderSettings:
  m_ObjectHideFlags: 0
  serializedVersion: 9
  m_Fog: 0
  m_FogColor: {r: 0.5, g: 0.5, b: 0.5, a: 1}
  m_FogMode: 3
  m_FogDensity: 0.01
  m_LinearFogStart: 0
  m_LinearFogEnd: 300
  m_AmbientSkyColor: {r: 0.212, g: 0.227, b: 0.259, a: 1}
  m_AmbientEquatorColor: {r: 0.114, g: 0.125, b: 0.133, a: 1}
  m_AmbientGroundColor: {r: 0.047, g: 0.043, b: 0.035, a: 1}
  m_AmbientIntensity: 1
  m_AmbientMode: 3
  m_SubtractiveShadowColor: {r: 0.42, g: 0.478, b: 0.627, a: 1}
  m_SkyboxMaterial: {fileID: 0}
  m_HaloStrength: 0.5
  m_FlareStrength: 1
  m_FlareFadeSpeed: 3
  m_HaloTexture: {fileID: 0}
  m_SpotCookie: {fileID: 10001, guid: 0000000000000000e000000000000000, type: 0}
  m_DefaultReflectionMode: 0
  m_DefaultReflectionResolution: 128
  m_ReflectionBounces: 1
  m_ReflectionIntensity: 1
  m_CustomReflection: {fileID: 0}
  m_Sun: {fileID: 0}
  m_IndirectSpecularColor: {r: 0, g: 0, b: 0, a: 1}
  m_UseRadianceAmbientProbe: 0
--- !u!157 &3
LightmapSettings:
  m_ObjectHideFlags: 0
  serializedVersion: 12
  m_GIWorkflowMode: 1
  m_GISettings:
    serializedVersion: 2
    m_BounceScale: 1
    m_IndirectOutputScale: 1
    m_AlbedoBoost: 1
    m_EnvironmentLightingMode: 0
    m_EnableBakedLightmaps: 0
    m_EnableRealtimeLightmaps: 0
  m_LightmapEditorSettings:
    serializedVersion: 12
    m_Resolution: 2
    m_BakeResolution: 40
    m_AtlasSize: 1024
    m_AO: 0
    m_AOMaxDistance: 1
    m_CompAOExponent: 1
    m_CompAOExponentDirect: 0
    m_ExtractAmbientOcclusion: 0
    m_Padding: 2
    m_LightmapParameters: {fileID: 0}
    m_LightmapsBakeMode: 1
    m_TextureCompression: 1
    m_FinalGather: 0
    m_FinalGatherFiltering: 1
    m_FinalGatherRayCount: 256
    m_ReflectionCompression: 2
    m_MixedBakeMode: 2
    m_BakeBackend: 1
    m_PVRSampling: 1
    m_PVRDirectSampleCount: 32
    m_PVRSampleCount: 512
    m_PVRBounces: 2
    m_PVREnvironmentSampleCount: 256
    m_PVREnvironmentReferencePointCount: 2048
    m_PVRFilteringMode: 1
    m_PVRDenoiserTypeDirect: 1
    m_PVRDenoiserTypeIndirect: 1
    m_PVRDenoiserTypeAO: 1
    m_PVRFilterTypeDirect: 0
    m_PVRFilterTypeIndirect: 0
    m_PVRFilterTypeAO: 0
    m_PVREnvironmentMIS: 1
    m_PVRCulling: 1
    m_PVRFilteringGaussRadiusDirect: 1
    m_PVRFilteringGaussRadiusIndirect: 5
    m_PVRFilteringGaussRadiusAO: 2
    m_PVRFilteringAtrousPositionSigmaDirect: 0.5
    m_PVRFilteringAtrousPositionSigmaIndirect: 2
    m_PVRFilteringAtrousPositionSigmaAO: 1
    m_ExportTrainingData: 0
    m_TrainingDataDestination: TrainingData
    m_LightProbeSampleCountMultiplier: 4
  m_LightingDataAsset: {fileID: 0}
  m_LightingSettings: {fileID: 4890085278179872738, guid: 70b0e1309c9d2cb4497741d9a31ad3c2,
    type: 2}
--- !u!196 &4
NavMeshSettings:
  serializedVersion: 2
  m_ObjectHideFlags: 0
  m_BuildSettings:
    serializedVersion: 2
    agentTypeID: 0
    agentRadius: 0.5
    agentHeight: 2
    agentSlope: 45
    agentClimb: 0.4
    ledgeDropHeight: 0
    maxJumpAcrossDistance: 0
    minRegionArea: 2
    manualCellSize: 0
    cellSize: 0.16666667
    manualTileSize: 0
    tileSize: 256
    accuratePlacement: 0
    maxJobWorkers: 0
    preserveTilesOutsideBounds: 0
    debug:
      m_Flags: 0
  m_NavMeshData: {fileID: 0}
--- !u!1001 &128011515
PrefabInstance:
  m_ObjectHideFlags: 0
  serializedVersion: 2
  m_Modification:
    m_TransformParent: {fileID: 0}
    m_Modifications:
    - target: {fileID: -612627272679162005, guid: 16ea10656cf1c1549a710cf12255ebe0,
        type: 3}
      propertyPath: m_Name
      value: NonStickSurface
      objectReference: {fileID: 0}
    - target: {fileID: 1966902567163653691, guid: 16ea10656cf1c1549a710cf12255ebe0,
        type: 3}
      propertyPath: m_LocalPosition.x
      value: -0.039
      objectReference: {fileID: 0}
    - target: {fileID: 1966902567163653691, guid: 16ea10656cf1c1549a710cf12255ebe0,
        type: 3}
      propertyPath: m_LocalPosition.y
      value: -7.678
      objectReference: {fileID: 0}
    - target: {fileID: 1966902567163653691, guid: 16ea10656cf1c1549a710cf12255ebe0,
        type: 3}
      propertyPath: m_LocalPosition.z
      value: 0
      objectReference: {fileID: 0}
    - target: {fileID: 1966902567163653691, guid: 16ea10656cf1c1549a710cf12255ebe0,
        type: 3}
      propertyPath: m_LocalRotation.x
      value: 0
      objectReference: {fileID: 0}
    - target: {fileID: 1966902567163653691, guid: 16ea10656cf1c1549a710cf12255ebe0,
        type: 3}
      propertyPath: m_LocalRotation.y
      value: 0
      objectReference: {fileID: 0}
    - target: {fileID: 1966902567163653691, guid: 16ea10656cf1c1549a710cf12255ebe0,
        type: 3}
      propertyPath: m_LocalRotation.z
      value: 0
      objectReference: {fileID: 0}
    - target: {fileID: 1966902567163653691, guid: 16ea10656cf1c1549a710cf12255ebe0,
        type: 3}
      propertyPath: m_LocalRotation.w
      value: 1
      objectReference: {fileID: 0}
    - target: {fileID: 1966902567163653691, guid: 16ea10656cf1c1549a710cf12255ebe0,
        type: 3}
      propertyPath: m_RootOrder
      value: 3
      objectReference: {fileID: 0}
    - target: {fileID: 1966902567163653691, guid: 16ea10656cf1c1549a710cf12255ebe0,
        type: 3}
      propertyPath: m_LocalEulerAnglesHint.x
      value: 0
      objectReference: {fileID: 0}
    - target: {fileID: 1966902567163653691, guid: 16ea10656cf1c1549a710cf12255ebe0,
        type: 3}
      propertyPath: m_LocalEulerAnglesHint.y
      value: 0
      objectReference: {fileID: 0}
    - target: {fileID: 1966902567163653691, guid: 16ea10656cf1c1549a710cf12255ebe0,
        type: 3}
      propertyPath: m_LocalEulerAnglesHint.z
      value: 0
      objectReference: {fileID: 0}
    - target: {fileID: 5832141777309001605, guid: 16ea10656cf1c1549a710cf12255ebe0,
        type: 3}
      propertyPath: m_Size.y
      value: 0.9897337
      objectReference: {fileID: 0}
    - target: {fileID: 5832141777309001605, guid: 16ea10656cf1c1549a710cf12255ebe0,
        type: 3}
      propertyPath: m_Size.x
      value: 8.03936
      objectReference: {fileID: 0}
    m_RemovedComponents: []
  m_SourcePrefab: {fileID: 100100000, guid: 16ea10656cf1c1549a710cf12255ebe0, type: 3}
--- !u!1001 &231470876
PrefabInstance:
  m_ObjectHideFlags: 0
  serializedVersion: 2
  m_Modification:
    m_TransformParent: {fileID: 0}
    m_Modifications:
    - target: {fileID: 2425613407618682301, guid: 31d69c7f443588d4c80f44c947c6b4cf,
        type: 3}
      propertyPath: m_LocalPosition.x
      value: 2.32
      objectReference: {fileID: 0}
    - target: {fileID: 2425613407618682301, guid: 31d69c7f443588d4c80f44c947c6b4cf,
        type: 3}
      propertyPath: m_LocalPosition.y
      value: -6
      objectReference: {fileID: 0}
    - target: {fileID: 6616953925449827504, guid: 31d69c7f443588d4c80f44c947c6b4cf,
        type: 3}
      propertyPath: m_Name
      value: Game
      objectReference: {fileID: 0}
    - target: {fileID: 6616953925449827506, guid: 31d69c7f443588d4c80f44c947c6b4cf,
        type: 3}
      propertyPath: m_LocalPosition.x
      value: 0
      objectReference: {fileID: 0}
    - target: {fileID: 6616953925449827506, guid: 31d69c7f443588d4c80f44c947c6b4cf,
        type: 3}
      propertyPath: m_LocalPosition.y
      value: 0
      objectReference: {fileID: 0}
    - target: {fileID: 6616953925449827506, guid: 31d69c7f443588d4c80f44c947c6b4cf,
        type: 3}
      propertyPath: m_LocalPosition.z
      value: 0
      objectReference: {fileID: 0}
    - target: {fileID: 6616953925449827506, guid: 31d69c7f443588d4c80f44c947c6b4cf,
        type: 3}
      propertyPath: m_LocalRotation.x
      value: 0
      objectReference: {fileID: 0}
    - target: {fileID: 6616953925449827506, guid: 31d69c7f443588d4c80f44c947c6b4cf,
        type: 3}
      propertyPath: m_LocalRotation.y
      value: 0
      objectReference: {fileID: 0}
    - target: {fileID: 6616953925449827506, guid: 31d69c7f443588d4c80f44c947c6b4cf,
        type: 3}
      propertyPath: m_LocalRotation.z
      value: 0
      objectReference: {fileID: 0}
    - target: {fileID: 6616953925449827506, guid: 31d69c7f443588d4c80f44c947c6b4cf,
        type: 3}
      propertyPath: m_LocalRotation.w
      value: 1
      objectReference: {fileID: 0}
    - target: {fileID: 6616953925449827506, guid: 31d69c7f443588d4c80f44c947c6b4cf,
        type: 3}
      propertyPath: m_RootOrder
      value: 5
      objectReference: {fileID: 0}
    - target: {fileID: 6616953925449827506, guid: 31d69c7f443588d4c80f44c947c6b4cf,
        type: 3}
      propertyPath: m_LocalEulerAnglesHint.x
      value: 0
      objectReference: {fileID: 0}
    - target: {fileID: 6616953925449827506, guid: 31d69c7f443588d4c80f44c947c6b4cf,
        type: 3}
      propertyPath: m_LocalEulerAnglesHint.y
      value: 0
      objectReference: {fileID: 0}
    - target: {fileID: 6616953925449827506, guid: 31d69c7f443588d4c80f44c947c6b4cf,
        type: 3}
      propertyPath: m_LocalEulerAnglesHint.z
      value: 0
      objectReference: {fileID: 0}
    - target: {fileID: 6616953925449827507, guid: 31d69c7f443588d4c80f44c947c6b4cf,
        type: 3}
      propertyPath: levelTitle
      value: Sticky Squeeze
      objectReference: {fileID: 0}
    - target: {fileID: 8658045955633756798, guid: 31d69c7f443588d4c80f44c947c6b4cf,
        type: 3}
      propertyPath: m_LocalPosition.x
      value: -2.09
      objectReference: {fileID: 0}
    - target: {fileID: 8658045955633756798, guid: 31d69c7f443588d4c80f44c947c6b4cf,
        type: 3}
      propertyPath: m_LocalPosition.y
      value: -6.15
      objectReference: {fileID: 0}
    m_RemovedComponents: []
  m_SourcePrefab: {fileID: 100100000, guid: 31d69c7f443588d4c80f44c947c6b4cf, type: 3}
--- !u!1001 &563175614
PrefabInstance:
  m_ObjectHideFlags: 0
  serializedVersion: 2
  m_Modification:
    m_TransformParent: {fileID: 0}
    m_Modifications:
    - target: {fileID: -612627272679162005, guid: 16ea10656cf1c1549a710cf12255ebe0,
        type: 3}
      propertyPath: m_Name
      value: NonStickSurface (1)
      objectReference: {fileID: 0}
    - target: {fileID: 1966902567163653691, guid: 16ea10656cf1c1549a710cf12255ebe0,
        type: 3}
      propertyPath: m_LocalPosition.x
      value: 0.053
      objectReference: {fileID: 0}
    - target: {fileID: 1966902567163653691, guid: 16ea10656cf1c1549a710cf12255ebe0,
        type: 3}
      propertyPath: m_LocalPosition.y
      value: -0.9
      objectReference: {fileID: 0}
    - target: {fileID: 1966902567163653691, guid: 16ea10656cf1c1549a710cf12255ebe0,
        type: 3}
      propertyPath: m_LocalPosition.z
      value: 0
      objectReference: {fileID: 0}
    - target: {fileID: 1966902567163653691, guid: 16ea10656cf1c1549a710cf12255ebe0,
        type: 3}
      propertyPath: m_LocalRotation.x
      value: 0
      objectReference: {fileID: 0}
    - target: {fileID: 1966902567163653691, guid: 16ea10656cf1c1549a710cf12255ebe0,
        type: 3}
      propertyPath: m_LocalRotation.y
      value: 0
      objectReference: {fileID: 0}
    - target: {fileID: 1966902567163653691, guid: 16ea10656cf1c1549a710cf12255ebe0,
        type: 3}
      propertyPath: m_LocalRotation.z
      value: 0
      objectReference: {fileID: 0}
    - target: {fileID: 1966902567163653691, guid: 16ea10656cf1c1549a710cf12255ebe0,
        type: 3}
      propertyPath: m_LocalRotation.w
      value: 1
      objectReference: {fileID: 0}
    - target: {fileID: 1966902567163653691, guid: 16ea10656cf1c1549a710cf12255ebe0,
        type: 3}
      propertyPath: m_RootOrder
      value: 2
      objectReference: {fileID: 0}
    - target: {fileID: 1966902567163653691, guid: 16ea10656cf1c1549a710cf12255ebe0,
        type: 3}
      propertyPath: m_LocalEulerAnglesHint.x
      value: 0
      objectReference: {fileID: 0}
    - target: {fileID: 1966902567163653691, guid: 16ea10656cf1c1549a710cf12255ebe0,
        type: 3}
      propertyPath: m_LocalEulerAnglesHint.y
      value: 0
      objectReference: {fileID: 0}
    - target: {fileID: 1966902567163653691, guid: 16ea10656cf1c1549a710cf12255ebe0,
        type: 3}
      propertyPath: m_LocalEulerAnglesHint.z
      value: 0
      objectReference: {fileID: 0}
    - target: {fileID: 5832141777309001605, guid: 16ea10656cf1c1549a710cf12255ebe0,
        type: 3}
      propertyPath: m_Size.x
      value: 0.90530586
      objectReference: {fileID: 0}
    - target: {fileID: 5832141777309001605, guid: 16ea10656cf1c1549a710cf12255ebe0,
        type: 3}
      propertyPath: m_Size.y
      value: 12.767256
      objectReference: {fileID: 0}
    m_RemovedComponents: []
  m_SourcePrefab: {fileID: 100100000, guid: 16ea10656cf1c1549a710cf12255ebe0, type: 3}
--- !u!1001 &866367554
PrefabInstance:
  m_ObjectHideFlags: 0
  serializedVersion: 2
  m_Modification:
    m_TransformParent: {fileID: 0}
    m_Modifications:
    - target: {fileID: -612627272679162005, guid: 16ea10656cf1c1549a710cf12255ebe0,
        type: 3}
      propertyPath: m_Name
      value: NonStickSurface (2)
      objectReference: {fileID: 0}
    - target: {fileID: 1966902567163653691, guid: 16ea10656cf1c1549a710cf12255ebe0,
        type: 3}
      propertyPath: m_LocalPosition.x
      value: 0
      objectReference: {fileID: 0}
    - target: {fileID: 1966902567163653691, guid: 16ea10656cf1c1549a710cf12255ebe0,
        type: 3}
      propertyPath: m_LocalPosition.y
      value: 7.817
      objectReference: {fileID: 0}
    - target: {fileID: 1966902567163653691, guid: 16ea10656cf1c1549a710cf12255ebe0,
        type: 3}
      propertyPath: m_LocalPosition.z
      value: 0
      objectReference: {fileID: 0}
    - target: {fileID: 1966902567163653691, guid: 16ea10656cf1c1549a710cf12255ebe0,
        type: 3}
      propertyPath: m_LocalRotation.x
      value: 0
      objectReference: {fileID: 0}
    - target: {fileID: 1966902567163653691, guid: 16ea10656cf1c1549a710cf12255ebe0,
        type: 3}
      propertyPath: m_LocalRotation.y
      value: 0
      objectReference: {fileID: 0}
    - target: {fileID: 1966902567163653691, guid: 16ea10656cf1c1549a710cf12255ebe0,
        type: 3}
      propertyPath: m_LocalRotation.z
      value: 0
      objectReference: {fileID: 0}
    - target: {fileID: 1966902567163653691, guid: 16ea10656cf1c1549a710cf12255ebe0,
        type: 3}
      propertyPath: m_LocalRotation.w
      value: 1
      objectReference: {fileID: 0}
    - target: {fileID: 1966902567163653691, guid: 16ea10656cf1c1549a710cf12255ebe0,
        type: 3}
      propertyPath: m_RootOrder
      value: 1
      objectReference: {fileID: 0}
    - target: {fileID: 1966902567163653691, guid: 16ea10656cf1c1549a710cf12255ebe0,
        type: 3}
      propertyPath: m_LocalEulerAnglesHint.x
      value: 0
      objectReference: {fileID: 0}
    - target: {fileID: 1966902567163653691, guid: 16ea10656cf1c1549a710cf12255ebe0,
        type: 3}
      propertyPath: m_LocalEulerAnglesHint.y
      value: 0
      objectReference: {fileID: 0}
    - target: {fileID: 1966902567163653691, guid: 16ea10656cf1c1549a710cf12255ebe0,
        type: 3}
      propertyPath: m_LocalEulerAnglesHint.z
      value: 0
      objectReference: {fileID: 0}
    - target: {fileID: 5832141777309001605, guid: 16ea10656cf1c1549a710cf12255ebe0,
        type: 3}
      propertyPath: m_Size.y
      value: 0.8208794
      objectReference: {fileID: 0}
    - target: {fileID: 5832141777309001605, guid: 16ea10656cf1c1549a710cf12255ebe0,
        type: 3}
      propertyPath: m_Size.x
      value: 10.61
      objectReference: {fileID: 0}
    m_RemovedComponents: []
  m_SourcePrefab: {fileID: 100100000, guid: 16ea10656cf1c1549a710cf12255ebe0, type: 3}
--- !u!4 &1027209738 stripped
Transform:
  m_CorrespondingSourceObject: {fileID: 6616953925449827506, guid: 31d69c7f443588d4c80f44c947c6b4cf,
    type: 3}
  m_PrefabInstance: {fileID: 231470876}
  m_PrefabAsset: {fileID: 0}
--- !u!4 &1303910852 stripped
Transform:
  m_CorrespondingSourceObject: {fileID: 1703737885775570374, guid: 2e642c9a85b7cf945b494dbce4443015,
    type: 3}
  m_PrefabInstance: {fileID: 2928557765009171279}
  m_PrefabAsset: {fileID: 0}
--- !u!114 &1303910854 stripped
MonoBehaviour:
  m_CorrespondingSourceObject: {fileID: 8627156386865239418, guid: 2e642c9a85b7cf945b494dbce4443015,
    type: 3}
  m_PrefabInstance: {fileID: 2928557765009171279}
  m_PrefabAsset: {fileID: 0}
  m_GameObject: {fileID: 0}
  m_Enabled: 1
  m_EditorHideFlags: 0
  m_Script: {fileID: 11500000, guid: 8ee42a36d6e340948be45800a7f808be, type: 3}
  m_Name: 
  m_EditorClassIdentifier: 
--- !u!1 &1412769696 stripped
GameObject:
  m_CorrespondingSourceObject: {fileID: 8251517187829707004, guid: 20d61828c4b7add4ab76664ba5f49296,
    type: 3}
  m_PrefabInstance: {fileID: 421519222038640453}
  m_PrefabAsset: {fileID: 0}
--- !u!4 &1412769697 stripped
Transform:
  m_CorrespondingSourceObject: {fileID: 2213258506049724844, guid: 20d61828c4b7add4ab76664ba5f49296,
    type: 3}
  m_PrefabInstance: {fileID: 421519222038640453}
  m_PrefabAsset: {fileID: 0}
--- !u!1001 &1778964047
PrefabInstance:
  m_ObjectHideFlags: 0
  serializedVersion: 2
  m_Modification:
    m_TransformParent: {fileID: 0}
    m_Modifications:
    - target: {fileID: 5674921983386967922, guid: 240c21d7ed7a69a41980386ac66f3b04,
        type: 3}
      propertyPath: m_Name
      value: Main Camera
      objectReference: {fileID: 0}
    - target: {fileID: 5674921983386967925, guid: 240c21d7ed7a69a41980386ac66f3b04,
        type: 3}
      propertyPath: m_LocalPosition.x
      value: 0
      objectReference: {fileID: 0}
    - target: {fileID: 5674921983386967925, guid: 240c21d7ed7a69a41980386ac66f3b04,
        type: 3}
      propertyPath: m_LocalPosition.y
      value: 0
      objectReference: {fileID: 0}
    - target: {fileID: 5674921983386967925, guid: 240c21d7ed7a69a41980386ac66f3b04,
        type: 3}
      propertyPath: m_LocalPosition.z
      value: -10
      objectReference: {fileID: 0}
    - target: {fileID: 5674921983386967925, guid: 240c21d7ed7a69a41980386ac66f3b04,
        type: 3}
      propertyPath: m_LocalRotation.x
      value: 0
      objectReference: {fileID: 0}
    - target: {fileID: 5674921983386967925, guid: 240c21d7ed7a69a41980386ac66f3b04,
        type: 3}
      propertyPath: m_LocalRotation.y
      value: 0
      objectReference: {fileID: 0}
    - target: {fileID: 5674921983386967925, guid: 240c21d7ed7a69a41980386ac66f3b04,
        type: 3}
      propertyPath: m_LocalRotation.z
      value: 0
      objectReference: {fileID: 0}
    - target: {fileID: 5674921983386967925, guid: 240c21d7ed7a69a41980386ac66f3b04,
        type: 3}
      propertyPath: m_LocalRotation.w
      value: 1
      objectReference: {fileID: 0}
    - target: {fileID: 5674921983386967925, guid: 240c21d7ed7a69a41980386ac66f3b04,
        type: 3}
      propertyPath: m_RootOrder
      value: 0
      objectReference: {fileID: 0}
    - target: {fileID: 5674921983386967925, guid: 240c21d7ed7a69a41980386ac66f3b04,
        type: 3}
      propertyPath: m_LocalEulerAnglesHint.x
      value: 0
      objectReference: {fileID: 0}
    - target: {fileID: 5674921983386967925, guid: 240c21d7ed7a69a41980386ac66f3b04,
        type: 3}
      propertyPath: m_LocalEulerAnglesHint.y
      value: 0
      objectReference: {fileID: 0}
    - target: {fileID: 5674921983386967925, guid: 240c21d7ed7a69a41980386ac66f3b04,
        type: 3}
      propertyPath: m_LocalEulerAnglesHint.z
      value: 0
      objectReference: {fileID: 0}
    m_RemovedComponents: []
  m_SourcePrefab: {fileID: 100100000, guid: 240c21d7ed7a69a41980386ac66f3b04, type: 3}
--- !u!1001 &1887908745
PrefabInstance:
  m_ObjectHideFlags: 0
  serializedVersion: 2
  m_Modification:
    m_TransformParent: {fileID: 0}
    m_Modifications:
    - target: {fileID: 8953820760519076289, guid: b366b6e50aae23b42b06cac0dc1fa78a,
        type: 3}
      propertyPath: m_Name
      value: LevelControl
      objectReference: {fileID: 0}
    - target: {fileID: 8953820760519076291, guid: b366b6e50aae23b42b06cac0dc1fa78a,
        type: 3}
      propertyPath: m_LocalPosition.x
      value: 450.00824
      objectReference: {fileID: 0}
    - target: {fileID: 8953820760519076291, guid: b366b6e50aae23b42b06cac0dc1fa78a,
        type: 3}
      propertyPath: m_LocalPosition.y
      value: 293.99567
      objectReference: {fileID: 0}
    - target: {fileID: 8953820760519076291, guid: b366b6e50aae23b42b06cac0dc1fa78a,
        type: 3}
      propertyPath: m_LocalPosition.z
      value: -1449.75
      objectReference: {fileID: 0}
    - target: {fileID: 8953820760519076291, guid: b366b6e50aae23b42b06cac0dc1fa78a,
        type: 3}
      propertyPath: m_LocalRotation.x
      value: 0
      objectReference: {fileID: 0}
    - target: {fileID: 8953820760519076291, guid: b366b6e50aae23b42b06cac0dc1fa78a,
        type: 3}
      propertyPath: m_LocalRotation.y
      value: 0
      objectReference: {fileID: 0}
    - target: {fileID: 8953820760519076291, guid: b366b6e50aae23b42b06cac0dc1fa78a,
        type: 3}
      propertyPath: m_LocalRotation.z
      value: 0
      objectReference: {fileID: 0}
    - target: {fileID: 8953820760519076291, guid: b366b6e50aae23b42b06cac0dc1fa78a,
        type: 3}
      propertyPath: m_LocalRotation.w
      value: 1
      objectReference: {fileID: 0}
    - target: {fileID: 8953820760519076291, guid: b366b6e50aae23b42b06cac0dc1fa78a,
        type: 3}
      propertyPath: m_RootOrder
      value: 6
      objectReference: {fileID: 0}
    - target: {fileID: 8953820760519076291, guid: b366b6e50aae23b42b06cac0dc1fa78a,
        type: 3}
      propertyPath: m_LocalEulerAnglesHint.x
      value: 0
      objectReference: {fileID: 0}
    - target: {fileID: 8953820760519076291, guid: b366b6e50aae23b42b06cac0dc1fa78a,
        type: 3}
      propertyPath: m_LocalEulerAnglesHint.y
      value: 0
      objectReference: {fileID: 0}
    - target: {fileID: 8953820760519076291, guid: b366b6e50aae23b42b06cac0dc1fa78a,
        type: 3}
      propertyPath: m_LocalEulerAnglesHint.z
      value: 0
      objectReference: {fileID: 0}
    - target: {fileID: 8953820760981650356, guid: b366b6e50aae23b42b06cac0dc1fa78a,
        type: 3}
      propertyPath: m_LocalPosition.z
      value: 0
      objectReference: {fileID: 0}
    m_RemovedComponents: []
  m_SourcePrefab: {fileID: 100100000, guid: b366b6e50aae23b42b06cac0dc1fa78a, type: 3}
--- !u!1001 &1944525537
PrefabInstance:
  m_ObjectHideFlags: 0
  serializedVersion: 2
  m_Modification:
    m_TransformParent: {fileID: 0}
    m_Modifications:
    - target: {fileID: 1906270890428089943, guid: 8a888ee0055815346b18fe722f2df62f,
        type: 3}
      propertyPath: m_LocalPosition.x
      value: 0
      objectReference: {fileID: 0}
    - target: {fileID: 1906270890428089943, guid: 8a888ee0055815346b18fe722f2df62f,
        type: 3}
      propertyPath: m_LocalPosition.y
      value: 0
      objectReference: {fileID: 0}
    - target: {fileID: 1906270890428089943, guid: 8a888ee0055815346b18fe722f2df62f,
        type: 3}
      propertyPath: m_LocalPosition.z
      value: 0
      objectReference: {fileID: 0}
    - target: {fileID: 1906270890428089943, guid: 8a888ee0055815346b18fe722f2df62f,
        type: 3}
      propertyPath: m_LocalRotation.x
      value: -0
      objectReference: {fileID: 0}
    - target: {fileID: 1906270890428089943, guid: 8a888ee0055815346b18fe722f2df62f,
        type: 3}
      propertyPath: m_LocalRotation.y
      value: -0
      objectReference: {fileID: 0}
    - target: {fileID: 1906270890428089943, guid: 8a888ee0055815346b18fe722f2df62f,
        type: 3}
      propertyPath: m_LocalRotation.z
      value: -0
      objectReference: {fileID: 0}
    - target: {fileID: 1906270890428089943, guid: 8a888ee0055815346b18fe722f2df62f,
        type: 3}
      propertyPath: m_LocalRotation.w
      value: 1
      objectReference: {fileID: 0}
    - target: {fileID: 1906270890428089943, guid: 8a888ee0055815346b18fe722f2df62f,
        type: 3}
      propertyPath: m_RootOrder
      value: 4
      objectReference: {fileID: 0}
    - target: {fileID: 1906270890428089943, guid: 8a888ee0055815346b18fe722f2df62f,
        type: 3}
      propertyPath: m_LocalEulerAnglesHint.x
      value: 0
      objectReference: {fileID: 0}
    - target: {fileID: 1906270890428089943, guid: 8a888ee0055815346b18fe722f2df62f,
        type: 3}
      propertyPath: m_LocalEulerAnglesHint.y
      value: 0
      objectReference: {fileID: 0}
    - target: {fileID: 1906270890428089943, guid: 8a888ee0055815346b18fe722f2df62f,
        type: 3}
      propertyPath: m_LocalEulerAnglesHint.z
      value: 0
      objectReference: {fileID: 0}
    - target: {fileID: 3085043712256625495, guid: 8a888ee0055815346b18fe722f2df62f,
        type: 3}
      propertyPath: m_LocalPosition.x
      value: 0
      objectReference: {fileID: 0}
    - target: {fileID: 3085043712256625495, guid: 8a888ee0055815346b18fe722f2df62f,
        type: 3}
      propertyPath: m_LocalPosition.y
      value: -9.3
      objectReference: {fileID: 0}
    - target: {fileID: 4113728420678813917, guid: 8a888ee0055815346b18fe722f2df62f,
        type: 3}
      propertyPath: m_Name
      value: StandardDeathZones
      objectReference: {fileID: 0}
    - target: {fileID: 4769268577917902065, guid: 8a888ee0055815346b18fe722f2df62f,
        type: 3}
      propertyPath: m_LocalPosition.y
      value: 0
      objectReference: {fileID: 0}
    - target: {fileID: 4769268577917902065, guid: 8a888ee0055815346b18fe722f2df62f,
        type: 3}
      propertyPath: m_LocalPosition.x
      value: -5.8
      objectReference: {fileID: 0}
    - target: {fileID: 4769268577917902065, guid: 8a888ee0055815346b18fe722f2df62f,
        type: 3}
      propertyPath: m_LocalPosition.z
      value: 0
      objectReference: {fileID: 0}
    - target: {fileID: 6689652316756464443, guid: 8a888ee0055815346b18fe722f2df62f,
        type: 3}
      propertyPath: m_LocalPosition.x
      value: 5.8
      objectReference: {fileID: 0}
    - target: {fileID: 6689652316756464443, guid: 8a888ee0055815346b18fe722f2df62f,
        type: 3}
      propertyPath: m_LocalPosition.y
      value: 0
      objectReference: {fileID: 0}
    - target: {fileID: 6689652316756464443, guid: 8a888ee0055815346b18fe722f2df62f,
        type: 3}
      propertyPath: m_LocalPosition.z
      value: 0
      objectReference: {fileID: 0}
    m_RemovedComponents: []
  m_SourcePrefab: {fileID: 100100000, guid: 8a888ee0055815346b18fe722f2df62f, type: 3}
--- !u!1001 &421519222038640453
PrefabInstance:
  m_ObjectHideFlags: 0
  serializedVersion: 2
  m_Modification:
    m_TransformParent: {fileID: 6751145282451329588}
    m_Modifications:
    - target: {fileID: 2213258506049724844, guid: 20d61828c4b7add4ab76664ba5f49296,
        type: 3}
      propertyPath: m_LocalPosition.x
      value: -1.013
      objectReference: {fileID: 0}
    - target: {fileID: 2213258506049724844, guid: 20d61828c4b7add4ab76664ba5f49296,
        type: 3}
      propertyPath: m_LocalPosition.y
      value: 1.92
      objectReference: {fileID: 0}
    - target: {fileID: 2213258506049724844, guid: 20d61828c4b7add4ab76664ba5f49296,
        type: 3}
      propertyPath: m_LocalPosition.z
      value: 0
      objectReference: {fileID: 0}
    - target: {fileID: 2213258506049724844, guid: 20d61828c4b7add4ab76664ba5f49296,
        type: 3}
      propertyPath: m_LocalRotation.x
      value: 0
      objectReference: {fileID: 0}
    - target: {fileID: 2213258506049724844, guid: 20d61828c4b7add4ab76664ba5f49296,
        type: 3}
      propertyPath: m_LocalRotation.y
      value: 0
      objectReference: {fileID: 0}
    - target: {fileID: 2213258506049724844, guid: 20d61828c4b7add4ab76664ba5f49296,
        type: 3}
      propertyPath: m_LocalRotation.z
      value: 0
      objectReference: {fileID: 0}
    - target: {fileID: 2213258506049724844, guid: 20d61828c4b7add4ab76664ba5f49296,
        type: 3}
      propertyPath: m_LocalRotation.w
      value: 1
      objectReference: {fileID: 0}
    - target: {fileID: 2213258506049724844, guid: 20d61828c4b7add4ab76664ba5f49296,
        type: 3}
      propertyPath: m_RootOrder
      value: 0
      objectReference: {fileID: 0}
    - target: {fileID: 2213258506049724844, guid: 20d61828c4b7add4ab76664ba5f49296,
        type: 3}
      propertyPath: m_LocalEulerAnglesHint.x
      value: 0
      objectReference: {fileID: 0}
    - target: {fileID: 2213258506049724844, guid: 20d61828c4b7add4ab76664ba5f49296,
        type: 3}
      propertyPath: m_LocalEulerAnglesHint.y
      value: 0
      objectReference: {fileID: 0}
    - target: {fileID: 2213258506049724844, guid: 20d61828c4b7add4ab76664ba5f49296,
        type: 3}
      propertyPath: m_LocalEulerAnglesHint.z
      value: 0
      objectReference: {fileID: 0}
    - target: {fileID: 6130291483348346898, guid: 20d61828c4b7add4ab76664ba5f49296,
        type: 3}
      propertyPath: m_Size.y
      value: 0.82087994
      objectReference: {fileID: 0}
    - target: {fileID: 6130291483348346898, guid: 20d61828c4b7add4ab76664ba5f49296,
        type: 3}
      propertyPath: m_Size.x
      value: 2.9737597
      objectReference: {fileID: 0}
    - target: {fileID: 8251517187829707004, guid: 20d61828c4b7add4ab76664ba5f49296,
        type: 3}
      propertyPath: m_Name
      value: StickSurface
      objectReference: {fileID: 0}
    m_RemovedComponents: []
  m_SourcePrefab: {fileID: 100100000, guid: 20d61828c4b7add4ab76664ba5f49296, type: 3}
--- !u!1001 &614819827397421999
PrefabInstance:
  m_ObjectHideFlags: 0
  serializedVersion: 2
  m_Modification:
    m_TransformParent: {fileID: 1303910852}
    m_Modifications:
    - target: {fileID: 372690867108196953, guid: a5667812a91a4574eb04d9598e6ccee2,
        type: 3}
      propertyPath: m_LocalPosition.x
      value: 5.05
      objectReference: {fileID: 0}
    - target: {fileID: 372690867108196953, guid: a5667812a91a4574eb04d9598e6ccee2,
        type: 3}
      propertyPath: m_LocalPosition.y
      value: 0
      objectReference: {fileID: 0}
    - target: {fileID: 372690867108196953, guid: a5667812a91a4574eb04d9598e6ccee2,
        type: 3}
      propertyPath: m_LocalPosition.z
      value: 0
      objectReference: {fileID: 0}
    - target: {fileID: 372690867108196953, guid: a5667812a91a4574eb04d9598e6ccee2,
        type: 3}
      propertyPath: m_LocalRotation.x
      value: 0
      objectReference: {fileID: 0}
    - target: {fileID: 372690867108196953, guid: a5667812a91a4574eb04d9598e6ccee2,
        type: 3}
      propertyPath: m_LocalRotation.y
      value: 0
      objectReference: {fileID: 0}
    - target: {fileID: 372690867108196953, guid: a5667812a91a4574eb04d9598e6ccee2,
        type: 3}
      propertyPath: m_LocalRotation.z
      value: 0
      objectReference: {fileID: 0}
    - target: {fileID: 372690867108196953, guid: a5667812a91a4574eb04d9598e6ccee2,
        type: 3}
      propertyPath: m_LocalRotation.w
      value: 1
      objectReference: {fileID: 0}
    - target: {fileID: 372690867108196953, guid: a5667812a91a4574eb04d9598e6ccee2,
        type: 3}
      propertyPath: m_RootOrder
      value: 0
      objectReference: {fileID: 0}
    - target: {fileID: 372690867108196953, guid: a5667812a91a4574eb04d9598e6ccee2,
        type: 3}
      propertyPath: m_LocalEulerAnglesHint.x
      value: 0
      objectReference: {fileID: 0}
    - target: {fileID: 372690867108196953, guid: a5667812a91a4574eb04d9598e6ccee2,
        type: 3}
      propertyPath: m_LocalEulerAnglesHint.y
      value: 0
      objectReference: {fileID: 0}
    - target: {fileID: 372690867108196953, guid: a5667812a91a4574eb04d9598e6ccee2,
        type: 3}
      propertyPath: m_LocalEulerAnglesHint.z
      value: 0
      objectReference: {fileID: 0}
    - target: {fileID: 3847994394872238151, guid: a5667812a91a4574eb04d9598e6ccee2,
        type: 3}
      propertyPath: m_Name
      value: Point1
      objectReference: {fileID: 0}
    - target: {fileID: 8823964749292666321, guid: a5667812a91a4574eb04d9598e6ccee2,
        type: 3}
      propertyPath: m_Enabled
      value: 0
      objectReference: {fileID: 0}
    m_RemovedComponents: []
  m_SourcePrefab: {fileID: 100100000, guid: a5667812a91a4574eb04d9598e6ccee2, type: 3}
--- !u!1001 &2928557765009171279
PrefabInstance:
  m_ObjectHideFlags: 0
  serializedVersion: 2
  m_Modification:
    m_TransformParent: {fileID: 6751145282451329588}
    m_Modifications:
    - target: {fileID: 1024715076865980261, guid: 2e642c9a85b7cf945b494dbce4443015,
        type: 3}
      propertyPath: m_Enabled
      value: 0
      objectReference: {fileID: 0}
    - target: {fileID: 1703737885775570374, guid: 2e642c9a85b7cf945b494dbce4443015,
        type: 3}
      propertyPath: m_LocalPosition.x
      value: -1.01
      objectReference: {fileID: 0}
    - target: {fileID: 1703737885775570374, guid: 2e642c9a85b7cf945b494dbce4443015,
        type: 3}
      propertyPath: m_LocalPosition.y
      value: 1.9
      objectReference: {fileID: 0}
    - target: {fileID: 1703737885775570374, guid: 2e642c9a85b7cf945b494dbce4443015,
        type: 3}
      propertyPath: m_LocalPosition.z
      value: 0
      objectReference: {fileID: 0}
    - target: {fileID: 1703737885775570374, guid: 2e642c9a85b7cf945b494dbce4443015,
        type: 3}
      propertyPath: m_LocalRotation.x
      value: -0
      objectReference: {fileID: 0}
    - target: {fileID: 1703737885775570374, guid: 2e642c9a85b7cf945b494dbce4443015,
        type: 3}
      propertyPath: m_LocalRotation.y
      value: -0
      objectReference: {fileID: 0}
    - target: {fileID: 1703737885775570374, guid: 2e642c9a85b7cf945b494dbce4443015,
        type: 3}
      propertyPath: m_LocalRotation.z
      value: -0
      objectReference: {fileID: 0}
    - target: {fileID: 1703737885775570374, guid: 2e642c9a85b7cf945b494dbce4443015,
        type: 3}
      propertyPath: m_LocalRotation.w
      value: 1
      objectReference: {fileID: 0}
    - target: {fileID: 1703737885775570374, guid: 2e642c9a85b7cf945b494dbce4443015,
        type: 3}
      propertyPath: m_RootOrder
      value: 1
      objectReference: {fileID: 0}
    - target: {fileID: 1703737885775570374, guid: 2e642c9a85b7cf945b494dbce4443015,
        type: 3}
      propertyPath: m_LocalEulerAnglesHint.x
      value: 0
      objectReference: {fileID: 0}
    - target: {fileID: 1703737885775570374, guid: 2e642c9a85b7cf945b494dbce4443015,
        type: 3}
      propertyPath: m_LocalEulerAnglesHint.y
      value: 0
      objectReference: {fileID: 0}
    - target: {fileID: 1703737885775570374, guid: 2e642c9a85b7cf945b494dbce4443015,
        type: 3}
      propertyPath: m_LocalEulerAnglesHint.z
      value: 0
      objectReference: {fileID: 0}
    - target: {fileID: 5901624262646948083, guid: 2e642c9a85b7cf945b494dbce4443015,
        type: 3}
      propertyPath: m_Name
      value: PlatformPath
      objectReference: {fileID: 0}
    m_RemovedComponents: []
  m_SourcePrefab: {fileID: 100100000, guid: 2e642c9a85b7cf945b494dbce4443015, type: 3}
--- !u!1 &5955335993082113613
GameObject:
  m_ObjectHideFlags: 0
  m_CorrespondingSourceObject: {fileID: 0}
  m_PrefabInstance: {fileID: 0}
  m_PrefabAsset: {fileID: 0}
  serializedVersion: 6
  m_Component:
  - component: {fileID: 6751145282451329588}
  m_Layer: 0
  m_Name: MovingPlatformStick
  m_TagString: Untagged
  m_Icon: {fileID: 0}
  m_NavMeshLayer: 0
  m_StaticEditorFlags: 0
  m_IsActive: 1
--- !u!4 &6751145282451329588
Transform:
  m_ObjectHideFlags: 0
  m_CorrespondingSourceObject: {fileID: 0}
  m_PrefabInstance: {fileID: 0}
  m_PrefabAsset: {fileID: 0}
  m_GameObject: {fileID: 5955335993082113613}
  m_LocalRotation: {x: -0, y: -0, z: -0, w: 1}
  m_LocalPosition: {x: -1.4458225, y: 4.99, z: 0}
  m_LocalScale: {x: 1, y: 1, z: 1}
  m_Children:
  - {fileID: 1412769697}
  - {fileID: 1303910852}
  m_Father: {fileID: 1027209738}
  m_RootOrder: 2
  m_LocalEulerAnglesHint: {x: 0, y: 0, z: 0}
--- !u!114 &7831799761451110958
MonoBehaviour:
  m_ObjectHideFlags: 0
  m_CorrespondingSourceObject: {fileID: 0}
  m_PrefabInstance: {fileID: 0}
  m_PrefabAsset: {fileID: 0}
  m_GameObject: {fileID: 1412769696}
  m_Enabled: 1
  m_EditorHideFlags: 0
  m_Script: {fileID: 11500000, guid: 87e32b5ac8c0c844781f8339c686513b, type: 3}
  m_Name: 
  m_EditorClassIdentifier: 
  pathController: {fileID: 1303910854}
  startTrigger: {fileID: 0}
  speed: 1
  rotationalSpeed: 0
  delayStart: 0
  pathIndex: 0
  freeRotation: 0
  holdInLastPosition: 0
  mode: 0
