%YAML 1.1
%TAG !u! tag:unity3d.com,2011:
--- !u!29 &1
OcclusionCullingSettings:
  m_ObjectHideFlags: 0
  serializedVersion: 2
  m_OcclusionBakeSettings:
    smallestOccluder: 5
    smallestHole: 0.25
    backfaceThreshold: 100
  m_SceneGUID: 00000000000000000000000000000000
  m_OcclusionCullingData: {fileID: 0}
--- !u!104 &2
RenderSettings:
  m_ObjectHideFlags: 0
  serializedVersion: 9
  m_Fog: 0
  m_FogColor: {r: 0.5, g: 0.5, b: 0.5, a: 1}
  m_FogMode: 3
  m_FogDensity: 0.01
  m_LinearFogStart: 0
  m_LinearFogEnd: 300
  m_AmbientSkyColor: {r: 0.212, g: 0.227, b: 0.259, a: 1}
  m_AmbientEquatorColor: {r: 0.114, g: 0.125, b: 0.133, a: 1}
  m_AmbientGroundColor: {r: 0.047, g: 0.043, b: 0.035, a: 1}
  m_AmbientIntensity: 1
  m_AmbientMode: 3
  m_SubtractiveShadowColor: {r: 0.42, g: 0.478, b: 0.627, a: 1}
  m_SkyboxMaterial: {fileID: 0}
  m_HaloStrength: 0.5
  m_FlareStrength: 1
  m_FlareFadeSpeed: 3
  m_HaloTexture: {fileID: 0}
  m_SpotCookie: {fileID: 10001, guid: 0000000000000000e000000000000000, type: 0}
  m_DefaultReflectionMode: 0
  m_DefaultReflectionResolution: 128
  m_ReflectionBounces: 1
  m_ReflectionIntensity: 1
  m_CustomReflection: {fileID: 0}
  m_Sun: {fileID: 0}
  m_IndirectSpecularColor: {r: 0, g: 0, b: 0, a: 1}
  m_UseRadianceAmbientProbe: 0
--- !u!157 &3
LightmapSettings:
  m_ObjectHideFlags: 0
  serializedVersion: 12
  m_GIWorkflowMode: 1
  m_GISettings:
    serializedVersion: 2
    m_BounceScale: 1
    m_IndirectOutputScale: 1
    m_AlbedoBoost: 1
    m_EnvironmentLightingMode: 0
    m_EnableBakedLightmaps: 0
    m_EnableRealtimeLightmaps: 0
  m_LightmapEditorSettings:
    serializedVersion: 12
    m_Resolution: 2
    m_BakeResolution: 40
    m_AtlasSize: 1024
    m_AO: 0
    m_AOMaxDistance: 1
    m_CompAOExponent: 1
    m_CompAOExponentDirect: 0
    m_ExtractAmbientOcclusion: 0
    m_Padding: 2
    m_LightmapParameters: {fileID: 0}
    m_LightmapsBakeMode: 1
    m_TextureCompression: 1
    m_FinalGather: 0
    m_FinalGatherFiltering: 1
    m_FinalGatherRayCount: 256
    m_ReflectionCompression: 2
    m_MixedBakeMode: 2
    m_BakeBackend: 1
    m_PVRSampling: 1
    m_PVRDirectSampleCount: 32
    m_PVRSampleCount: 512
    m_PVRBounces: 2
    m_PVREnvironmentSampleCount: 256
    m_PVREnvironmentReferencePointCount: 2048
    m_PVRFilteringMode: 1
    m_PVRDenoiserTypeDirect: 1
    m_PVRDenoiserTypeIndirect: 1
    m_PVRDenoiserTypeAO: 1
    m_PVRFilterTypeDirect: 0
    m_PVRFilterTypeIndirect: 0
    m_PVRFilterTypeAO: 0
    m_PVREnvironmentMIS: 1
    m_PVRCulling: 1
    m_PVRFilteringGaussRadiusDirect: 1
    m_PVRFilteringGaussRadiusIndirect: 5
    m_PVRFilteringGaussRadiusAO: 2
    m_PVRFilteringAtrousPositionSigmaDirect: 0.5
    m_PVRFilteringAtrousPositionSigmaIndirect: 2
    m_PVRFilteringAtrousPositionSigmaAO: 1
    m_ExportTrainingData: 0
    m_TrainingDataDestination: TrainingData
    m_LightProbeSampleCountMultiplier: 4
  m_LightingDataAsset: {fileID: 0}
  m_LightingSettings: {fileID: 4890085278179872738, guid: 4312d635e23ac7345b5a5a71a118b351,
    type: 2}
--- !u!196 &4
NavMeshSettings:
  serializedVersion: 2
  m_ObjectHideFlags: 0
  m_BuildSettings:
    serializedVersion: 2
    agentTypeID: 0
    agentRadius: 0.5
    agentHeight: 2
    agentSlope: 45
    agentClimb: 0.4
    ledgeDropHeight: 0
    maxJumpAcrossDistance: 0
    minRegionArea: 2
    manualCellSize: 0
    cellSize: 0.16666667
    manualTileSize: 0
    tileSize: 256
    accuratePlacement: 0
    maxJobWorkers: 0
    preserveTilesOutsideBounds: 0
    debug:
      m_Flags: 0
  m_NavMeshData: {fileID: 0}
--- !u!1001 &301726138
PrefabInstance:
  m_ObjectHideFlags: 0
  serializedVersion: 2
  m_Modification:
    m_TransformParent: {fileID: 0}
    m_Modifications:
    - target: {fileID: 8313891094812172401, guid: 987577902728a5246815653b4322c828,
        type: 3}
      propertyPath: m_Name
      value: DeathPlane (2)
      objectReference: {fileID: 0}
    - target: {fileID: 8313891094812172407, guid: 987577902728a5246815653b4322c828,
        type: 3}
      propertyPath: m_LocalPosition.x
      value: -7
      objectReference: {fileID: 0}
    - target: {fileID: 8313891094812172407, guid: 987577902728a5246815653b4322c828,
        type: 3}
      propertyPath: m_LocalPosition.y
      value: 1.9252071
      objectReference: {fileID: 0}
    - target: {fileID: 8313891094812172407, guid: 987577902728a5246815653b4322c828,
        type: 3}
      propertyPath: m_LocalPosition.z
      value: 0
      objectReference: {fileID: 0}
    - target: {fileID: 8313891094812172407, guid: 987577902728a5246815653b4322c828,
        type: 3}
      propertyPath: m_LocalRotation.x
      value: 0
      objectReference: {fileID: 0}
    - target: {fileID: 8313891094812172407, guid: 987577902728a5246815653b4322c828,
        type: 3}
      propertyPath: m_LocalRotation.y
      value: 0
      objectReference: {fileID: 0}
    - target: {fileID: 8313891094812172407, guid: 987577902728a5246815653b4322c828,
        type: 3}
      propertyPath: m_LocalRotation.z
      value: 0.7071068
      objectReference: {fileID: 0}
    - target: {fileID: 8313891094812172407, guid: 987577902728a5246815653b4322c828,
        type: 3}
      propertyPath: m_LocalRotation.w
      value: 0.7071068
      objectReference: {fileID: 0}
    - target: {fileID: 8313891094812172407, guid: 987577902728a5246815653b4322c828,
        type: 3}
      propertyPath: m_RootOrder
      value: 5
      objectReference: {fileID: 0}
    - target: {fileID: 8313891094812172407, guid: 987577902728a5246815653b4322c828,
        type: 3}
      propertyPath: m_LocalEulerAnglesHint.x
      value: 0
      objectReference: {fileID: 0}
    - target: {fileID: 8313891094812172407, guid: 987577902728a5246815653b4322c828,
        type: 3}
      propertyPath: m_LocalEulerAnglesHint.y
      value: 0
      objectReference: {fileID: 0}
    - target: {fileID: 8313891094812172407, guid: 987577902728a5246815653b4322c828,
        type: 3}
      propertyPath: m_LocalEulerAnglesHint.z
      value: 90
      objectReference: {fileID: 0}
    m_RemovedComponents: []
  m_SourcePrefab: {fileID: 100100000, guid: 987577902728a5246815653b4322c828, type: 3}
--- !u!114 &354846251 stripped
MonoBehaviour:
  m_CorrespondingSourceObject: {fileID: 257577424278095926, guid: e5cafefe05ac0574a94c2d4a1a638c15,
    type: 3}
  m_PrefabInstance: {fileID: 1187880192}
  m_PrefabAsset: {fileID: 0}
  m_GameObject: {fileID: 0}
  m_Enabled: 1
  m_EditorHideFlags: 0
  m_Script: {fileID: 11500000, guid: 9d3814a4ffdde4d4e99258eae501fc36, type: 3}
  m_Name: 
  m_EditorClassIdentifier: 
--- !u!1001 &389186788
PrefabInstance:
  m_ObjectHideFlags: 0
  serializedVersion: 2
  m_Modification:
    m_TransformParent: {fileID: 1390432552}
    m_Modifications:
    - target: {fileID: 670217126194554013, guid: 47391889fa444fa498b349e4b57b0b83,
        type: 3}
      propertyPath: m_Name
      value: NonStickSpinner (1)
      objectReference: {fileID: 0}
    - target: {fileID: 3513871596795934328, guid: 47391889fa444fa498b349e4b57b0b83,
        type: 3}
      propertyPath: m_Enabled
      value: 1
      objectReference: {fileID: 0}
    - target: {fileID: 7311949307456763341, guid: 47391889fa444fa498b349e4b57b0b83,
        type: 3}
      propertyPath: m_LocalPosition.x
      value: 2.5
      objectReference: {fileID: 0}
    - target: {fileID: 7311949307456763341, guid: 47391889fa444fa498b349e4b57b0b83,
        type: 3}
      propertyPath: m_LocalPosition.y
      value: 1.69
      objectReference: {fileID: 0}
    - target: {fileID: 7311949307456763341, guid: 47391889fa444fa498b349e4b57b0b83,
        type: 3}
      propertyPath: m_LocalPosition.z
      value: 0
      objectReference: {fileID: 0}
    - target: {fileID: 7311949307456763341, guid: 47391889fa444fa498b349e4b57b0b83,
        type: 3}
      propertyPath: m_LocalRotation.x
      value: -0
      objectReference: {fileID: 0}
    - target: {fileID: 7311949307456763341, guid: 47391889fa444fa498b349e4b57b0b83,
        type: 3}
      propertyPath: m_LocalRotation.y
      value: -0
      objectReference: {fileID: 0}
    - target: {fileID: 7311949307456763341, guid: 47391889fa444fa498b349e4b57b0b83,
        type: 3}
      propertyPath: m_LocalRotation.z
      value: -0
      objectReference: {fileID: 0}
    - target: {fileID: 7311949307456763341, guid: 47391889fa444fa498b349e4b57b0b83,
        type: 3}
      propertyPath: m_LocalRotation.w
      value: 1
      objectReference: {fileID: 0}
    - target: {fileID: 7311949307456763341, guid: 47391889fa444fa498b349e4b57b0b83,
        type: 3}
      propertyPath: m_RootOrder
      value: 5
      objectReference: {fileID: 0}
    - target: {fileID: 7311949307456763341, guid: 47391889fa444fa498b349e4b57b0b83,
        type: 3}
      propertyPath: m_LocalEulerAnglesHint.x
      value: 0
      objectReference: {fileID: 0}
    - target: {fileID: 7311949307456763341, guid: 47391889fa444fa498b349e4b57b0b83,
        type: 3}
      propertyPath: m_LocalEulerAnglesHint.y
      value: 0
      objectReference: {fileID: 0}
    - target: {fileID: 7311949307456763341, guid: 47391889fa444fa498b349e4b57b0b83,
        type: 3}
      propertyPath: m_LocalEulerAnglesHint.z
      value: 0
      objectReference: {fileID: 0}
    m_RemovedComponents: []
  m_SourcePrefab: {fileID: 100100000, guid: 47391889fa444fa498b349e4b57b0b83, type: 3}
--- !u!1001 &431924605
PrefabInstance:
  m_ObjectHideFlags: 0
  serializedVersion: 2
  m_Modification:
    m_TransformParent: {fileID: 1390432552}
    m_Modifications:
    - target: {fileID: 2907573382493447365, guid: f282cde67bc85a04089ec2cd1b95f0a5,
        type: 3}
      propertyPath: m_LocalPosition.x
      value: 2.5
      objectReference: {fileID: 0}
    - target: {fileID: 2907573382493447365, guid: f282cde67bc85a04089ec2cd1b95f0a5,
        type: 3}
      propertyPath: m_LocalPosition.y
      value: -2.89
      objectReference: {fileID: 0}
    - target: {fileID: 2907573382493447365, guid: f282cde67bc85a04089ec2cd1b95f0a5,
        type: 3}
      propertyPath: m_LocalPosition.z
      value: 0
      objectReference: {fileID: 0}
    - target: {fileID: 2907573382493447365, guid: f282cde67bc85a04089ec2cd1b95f0a5,
        type: 3}
      propertyPath: m_LocalRotation.x
      value: -0
      objectReference: {fileID: 0}
    - target: {fileID: 2907573382493447365, guid: f282cde67bc85a04089ec2cd1b95f0a5,
        type: 3}
      propertyPath: m_LocalRotation.y
      value: -0
      objectReference: {fileID: 0}
    - target: {fileID: 2907573382493447365, guid: f282cde67bc85a04089ec2cd1b95f0a5,
        type: 3}
      propertyPath: m_LocalRotation.z
      value: -0
      objectReference: {fileID: 0}
    - target: {fileID: 2907573382493447365, guid: f282cde67bc85a04089ec2cd1b95f0a5,
        type: 3}
      propertyPath: m_LocalRotation.w
      value: 1
      objectReference: {fileID: 0}
    - target: {fileID: 2907573382493447365, guid: f282cde67bc85a04089ec2cd1b95f0a5,
        type: 3}
      propertyPath: m_RootOrder
      value: 3
      objectReference: {fileID: 0}
    - target: {fileID: 2907573382493447365, guid: f282cde67bc85a04089ec2cd1b95f0a5,
        type: 3}
      propertyPath: m_LocalEulerAnglesHint.x
      value: 0
      objectReference: {fileID: 0}
    - target: {fileID: 2907573382493447365, guid: f282cde67bc85a04089ec2cd1b95f0a5,
        type: 3}
      propertyPath: m_LocalEulerAnglesHint.y
      value: 0
      objectReference: {fileID: 0}
    - target: {fileID: 2907573382493447365, guid: f282cde67bc85a04089ec2cd1b95f0a5,
        type: 3}
      propertyPath: m_LocalEulerAnglesHint.z
      value: 0
      objectReference: {fileID: 0}
    - target: {fileID: 3746647223836053369, guid: f282cde67bc85a04089ec2cd1b95f0a5,
        type: 3}
      propertyPath: m_Enabled
      value: 1
      objectReference: {fileID: 0}
    - target: {fileID: 4930759196331029909, guid: f282cde67bc85a04089ec2cd1b95f0a5,
        type: 3}
      propertyPath: m_Name
      value: StickSpinner (1)
      objectReference: {fileID: 0}
    m_RemovedComponents: []
  m_SourcePrefab: {fileID: 100100000, guid: f282cde67bc85a04089ec2cd1b95f0a5, type: 3}
--- !u!1001 &544392412
PrefabInstance:
  m_ObjectHideFlags: 0
  serializedVersion: 2
  m_Modification:
    m_TransformParent: {fileID: 0}
    m_Modifications:
    - target: {fileID: 1653757768704493973, guid: ab9e9b129aaae2f4f896daf2098accd1,
        type: 3}
      propertyPath: m_LocalPosition.x
      value: 0
      objectReference: {fileID: 0}
    - target: {fileID: 1653757768704493973, guid: ab9e9b129aaae2f4f896daf2098accd1,
        type: 3}
      propertyPath: m_LocalPosition.y
      value: 9.28
      objectReference: {fileID: 0}
    - target: {fileID: 2211470816087204640, guid: ab9e9b129aaae2f4f896daf2098accd1,
        type: 3}
      propertyPath: m_LocalPosition.x
      value: 0
      objectReference: {fileID: 0}
    - target: {fileID: 2211470816087204640, guid: ab9e9b129aaae2f4f896daf2098accd1,
        type: 3}
      propertyPath: m_LocalPosition.y
      value: 0
      objectReference: {fileID: 0}
    - target: {fileID: 2211470816087204640, guid: ab9e9b129aaae2f4f896daf2098accd1,
        type: 3}
      propertyPath: m_LocalPosition.z
      value: 0
      objectReference: {fileID: 0}
    - target: {fileID: 2211470816087204640, guid: ab9e9b129aaae2f4f896daf2098accd1,
        type: 3}
      propertyPath: m_LocalRotation.x
      value: 0
      objectReference: {fileID: 0}
    - target: {fileID: 2211470816087204640, guid: ab9e9b129aaae2f4f896daf2098accd1,
        type: 3}
      propertyPath: m_LocalRotation.y
      value: 0
      objectReference: {fileID: 0}
    - target: {fileID: 2211470816087204640, guid: ab9e9b129aaae2f4f896daf2098accd1,
        type: 3}
      propertyPath: m_LocalRotation.z
      value: 0
      objectReference: {fileID: 0}
    - target: {fileID: 2211470816087204640, guid: ab9e9b129aaae2f4f896daf2098accd1,
        type: 3}
      propertyPath: m_LocalRotation.w
      value: 1
      objectReference: {fileID: 0}
    - target: {fileID: 2211470816087204640, guid: ab9e9b129aaae2f4f896daf2098accd1,
        type: 3}
      propertyPath: m_RootOrder
      value: 0
      objectReference: {fileID: 0}
    - target: {fileID: 2211470816087204640, guid: ab9e9b129aaae2f4f896daf2098accd1,
        type: 3}
      propertyPath: m_LocalEulerAnglesHint.x
      value: 0
      objectReference: {fileID: 0}
    - target: {fileID: 2211470816087204640, guid: ab9e9b129aaae2f4f896daf2098accd1,
        type: 3}
      propertyPath: m_LocalEulerAnglesHint.y
      value: 0
      objectReference: {fileID: 0}
    - target: {fileID: 2211470816087204640, guid: ab9e9b129aaae2f4f896daf2098accd1,
        type: 3}
      propertyPath: m_LocalEulerAnglesHint.z
      value: 0
      objectReference: {fileID: 0}
    - target: {fileID: 4681832645768172308, guid: ab9e9b129aaae2f4f896daf2098accd1,
        type: 3}
      propertyPath: target
      value: 
      objectReference: {fileID: 2053183029}
    - target: {fileID: 4681832645768172308, guid: ab9e9b129aaae2f4f896daf2098accd1,
        type: 3}
      propertyPath: bounds
      value: 
      objectReference: {fileID: 354846251}
    - target: {fileID: 4681832645768172308, guid: ab9e9b129aaae2f4f896daf2098accd1,
        type: 3}
      propertyPath: m_Enabled
      value: 1
      objectReference: {fileID: 0}
    - target: {fileID: 5727839355669282390, guid: ab9e9b129aaae2f4f896daf2098accd1,
        type: 3}
      propertyPath: m_LocalPosition.y
      value: -7.15
      objectReference: {fileID: 0}
    - target: {fileID: 5727839355669282390, guid: ab9e9b129aaae2f4f896daf2098accd1,
        type: 3}
      propertyPath: m_LocalPosition.x
      value: 0
      objectReference: {fileID: 0}
    - target: {fileID: 6490892718817369653, guid: ab9e9b129aaae2f4f896daf2098accd1,
        type: 3}
      propertyPath: m_Name
      value: BoyoBall
      objectReference: {fileID: 0}
    - target: {fileID: 7706053165392724930, guid: ab9e9b129aaae2f4f896daf2098accd1,
        type: 3}
      propertyPath: m_LocalPosition.z
      value: 0
      objectReference: {fileID: 0}
    - target: {fileID: 7822460006182518939, guid: ab9e9b129aaae2f4f896daf2098accd1,
        type: 3}
      propertyPath: levelTitle
      value: Oh boy, Physics
      objectReference: {fileID: 0}
    m_RemovedComponents: []
  m_SourcePrefab: {fileID: 100100000, guid: ab9e9b129aaae2f4f896daf2098accd1, type: 3}
--- !u!1001 &1187880192
PrefabInstance:
  m_ObjectHideFlags: 0
  serializedVersion: 2
  m_Modification:
    m_TransformParent: {fileID: 0}
    m_Modifications:
    - target: {fileID: 154689952433224449, guid: e5cafefe05ac0574a94c2d4a1a638c15,
        type: 3}
      propertyPath: m_LocalPosition.x
      value: 0
      objectReference: {fileID: 0}
    - target: {fileID: 154689952433224449, guid: e5cafefe05ac0574a94c2d4a1a638c15,
        type: 3}
      propertyPath: m_LocalPosition.y
      value: 3.18944
      objectReference: {fileID: 0}
    - target: {fileID: 154689952433224449, guid: e5cafefe05ac0574a94c2d4a1a638c15,
        type: 3}
      propertyPath: m_LocalPosition.z
      value: -455.60156
      objectReference: {fileID: 0}
    - target: {fileID: 154689952433224449, guid: e5cafefe05ac0574a94c2d4a1a638c15,
        type: 3}
      propertyPath: m_LocalRotation.x
      value: 0
      objectReference: {fileID: 0}
    - target: {fileID: 154689952433224449, guid: e5cafefe05ac0574a94c2d4a1a638c15,
        type: 3}
      propertyPath: m_LocalRotation.y
      value: 0
      objectReference: {fileID: 0}
    - target: {fileID: 154689952433224449, guid: e5cafefe05ac0574a94c2d4a1a638c15,
        type: 3}
      propertyPath: m_LocalRotation.z
      value: 0
      objectReference: {fileID: 0}
    - target: {fileID: 154689952433224449, guid: e5cafefe05ac0574a94c2d4a1a638c15,
        type: 3}
      propertyPath: m_LocalRotation.w
      value: 1
      objectReference: {fileID: 0}
    - target: {fileID: 154689952433224449, guid: e5cafefe05ac0574a94c2d4a1a638c15,
        type: 3}
      propertyPath: m_RootOrder
      value: 4
      objectReference: {fileID: 0}
    - target: {fileID: 154689952433224449, guid: e5cafefe05ac0574a94c2d4a1a638c15,
        type: 3}
      propertyPath: m_LocalEulerAnglesHint.x
      value: 0
      objectReference: {fileID: 0}
    - target: {fileID: 154689952433224449, guid: e5cafefe05ac0574a94c2d4a1a638c15,
        type: 3}
      propertyPath: m_LocalEulerAnglesHint.y
      value: 0
      objectReference: {fileID: 0}
    - target: {fileID: 154689952433224449, guid: e5cafefe05ac0574a94c2d4a1a638c15,
        type: 3}
      propertyPath: m_LocalEulerAnglesHint.z
      value: 0
      objectReference: {fileID: 0}
    - target: {fileID: 1054739208861789371, guid: e5cafefe05ac0574a94c2d4a1a638c15,
        type: 3}
      propertyPath: m_AnchoredPosition.x
      value: 6
      objectReference: {fileID: 0}
    - target: {fileID: 1958204937073143650, guid: e5cafefe05ac0574a94c2d4a1a638c15,
        type: 3}
      propertyPath: m_AnchoredPosition.y
      value: 9.54
      objectReference: {fileID: 0}
    - target: {fileID: 2382950188801926857, guid: e5cafefe05ac0574a94c2d4a1a638c15,
        type: 3}
      propertyPath: m_Name
      value: CameraBounds
      objectReference: {fileID: 0}
    - target: {fileID: 8181407194809402300, guid: e5cafefe05ac0574a94c2d4a1a638c15,
        type: 3}
      propertyPath: m_AnchoredPosition.x
      value: -6
      objectReference: {fileID: 0}
    m_RemovedComponents: []
  m_SourcePrefab: {fileID: 100100000, guid: e5cafefe05ac0574a94c2d4a1a638c15, type: 3}
--- !u!1001 &1221895889
PrefabInstance:
  m_ObjectHideFlags: 0
  serializedVersion: 2
  m_Modification:
    m_TransformParent: {fileID: 1390432552}
    m_Modifications:
    - target: {fileID: 1261813524721277215, guid: f282cde67bc85a04089ec2cd1b95f0a5,
        type: 3}
      propertyPath: m_Mass
      value: 2
      objectReference: {fileID: 0}
    - target: {fileID: 2907573382493447365, guid: f282cde67bc85a04089ec2cd1b95f0a5,
        type: 3}
      propertyPath: m_LocalPosition.x
      value: 0
      objectReference: {fileID: 0}
    - target: {fileID: 2907573382493447365, guid: f282cde67bc85a04089ec2cd1b95f0a5,
        type: 3}
      propertyPath: m_LocalPosition.y
      value: 6.09
      objectReference: {fileID: 0}
    - target: {fileID: 2907573382493447365, guid: f282cde67bc85a04089ec2cd1b95f0a5,
        type: 3}
      propertyPath: m_LocalPosition.z
      value: 0
      objectReference: {fileID: 0}
    - target: {fileID: 2907573382493447365, guid: f282cde67bc85a04089ec2cd1b95f0a5,
        type: 3}
      propertyPath: m_LocalRotation.x
      value: -0
      objectReference: {fileID: 0}
    - target: {fileID: 2907573382493447365, guid: f282cde67bc85a04089ec2cd1b95f0a5,
        type: 3}
      propertyPath: m_LocalRotation.y
      value: -0
      objectReference: {fileID: 0}
    - target: {fileID: 2907573382493447365, guid: f282cde67bc85a04089ec2cd1b95f0a5,
        type: 3}
      propertyPath: m_LocalRotation.z
      value: -0
      objectReference: {fileID: 0}
    - target: {fileID: 2907573382493447365, guid: f282cde67bc85a04089ec2cd1b95f0a5,
        type: 3}
      propertyPath: m_LocalRotation.w
      value: 1
      objectReference: {fileID: 0}
    - target: {fileID: 2907573382493447365, guid: f282cde67bc85a04089ec2cd1b95f0a5,
        type: 3}
      propertyPath: m_RootOrder
      value: 6
      objectReference: {fileID: 0}
    - target: {fileID: 2907573382493447365, guid: f282cde67bc85a04089ec2cd1b95f0a5,
        type: 3}
      propertyPath: m_LocalEulerAnglesHint.x
      value: 0
      objectReference: {fileID: 0}
    - target: {fileID: 2907573382493447365, guid: f282cde67bc85a04089ec2cd1b95f0a5,
        type: 3}
      propertyPath: m_LocalEulerAnglesHint.y
      value: 0
      objectReference: {fileID: 0}
    - target: {fileID: 2907573382493447365, guid: f282cde67bc85a04089ec2cd1b95f0a5,
        type: 3}
      propertyPath: m_LocalEulerAnglesHint.z
      value: 0
      objectReference: {fileID: 0}
    - target: {fileID: 3746647223836053369, guid: f282cde67bc85a04089ec2cd1b95f0a5,
        type: 3}
      propertyPath: m_Enabled
      value: 1
      objectReference: {fileID: 0}
    - target: {fileID: 4930759196331029909, guid: f282cde67bc85a04089ec2cd1b95f0a5,
        type: 3}
      propertyPath: m_Name
      value: StickSpinner (2)
      objectReference: {fileID: 0}
    - target: {fileID: 7205196364958346619, guid: f282cde67bc85a04089ec2cd1b95f0a5,
        type: 3}
      propertyPath: m_Size.x
      value: 6.91
      objectReference: {fileID: 0}
    - target: {fileID: 8054115443580982545, guid: f282cde67bc85a04089ec2cd1b95f0a5,
        type: 3}
      propertyPath: m_SpriteTilingProperty.newSize.x
      value: 6.91
      objectReference: {fileID: 0}
    m_RemovedComponents: []
  m_SourcePrefab: {fileID: 100100000, guid: f282cde67bc85a04089ec2cd1b95f0a5, type: 3}
--- !u!1001 &1310664366
PrefabInstance:
  m_ObjectHideFlags: 0
  serializedVersion: 2
  m_Modification:
    m_TransformParent: {fileID: 0}
    m_Modifications:
    - target: {fileID: 8313891094812172401, guid: 987577902728a5246815653b4322c828,
        type: 3}
      propertyPath: m_Name
      value: DeathPlane
      objectReference: {fileID: 0}
    - target: {fileID: 8313891094812172407, guid: 987577902728a5246815653b4322c828,
        type: 3}
      propertyPath: m_LocalPosition.x
      value: 3.2205312
      objectReference: {fileID: 0}
    - target: {fileID: 8313891094812172407, guid: 987577902728a5246815653b4322c828,
        type: 3}
      propertyPath: m_LocalPosition.y
      value: -9.500407
      objectReference: {fileID: 0}
    - target: {fileID: 8313891094812172407, guid: 987577902728a5246815653b4322c828,
        type: 3}
      propertyPath: m_LocalPosition.z
      value: 0
      objectReference: {fileID: 0}
    - target: {fileID: 8313891094812172407, guid: 987577902728a5246815653b4322c828,
        type: 3}
      propertyPath: m_LocalRotation.x
      value: 0
      objectReference: {fileID: 0}
    - target: {fileID: 8313891094812172407, guid: 987577902728a5246815653b4322c828,
        type: 3}
      propertyPath: m_LocalRotation.y
      value: 0
      objectReference: {fileID: 0}
    - target: {fileID: 8313891094812172407, guid: 987577902728a5246815653b4322c828,
        type: 3}
      propertyPath: m_LocalRotation.z
      value: 0
      objectReference: {fileID: 0}
    - target: {fileID: 8313891094812172407, guid: 987577902728a5246815653b4322c828,
        type: 3}
      propertyPath: m_LocalRotation.w
      value: 1
      objectReference: {fileID: 0}
    - target: {fileID: 8313891094812172407, guid: 987577902728a5246815653b4322c828,
        type: 3}
      propertyPath: m_RootOrder
      value: 2
      objectReference: {fileID: 0}
    - target: {fileID: 8313891094812172407, guid: 987577902728a5246815653b4322c828,
        type: 3}
      propertyPath: m_LocalEulerAnglesHint.x
      value: 0
      objectReference: {fileID: 0}
    - target: {fileID: 8313891094812172407, guid: 987577902728a5246815653b4322c828,
        type: 3}
      propertyPath: m_LocalEulerAnglesHint.y
      value: 0
      objectReference: {fileID: 0}
    - target: {fileID: 8313891094812172407, guid: 987577902728a5246815653b4322c828,
        type: 3}
      propertyPath: m_LocalEulerAnglesHint.z
      value: 0
      objectReference: {fileID: 0}
    m_RemovedComponents: []
  m_SourcePrefab: {fileID: 100100000, guid: 987577902728a5246815653b4322c828, type: 3}
--- !u!4 &1390432552 stripped
Transform:
  m_CorrespondingSourceObject: {fileID: 7822460006182518938, guid: ab9e9b129aaae2f4f896daf2098accd1,
    type: 3}
  m_PrefabInstance: {fileID: 544392412}
  m_PrefabAsset: {fileID: 0}
--- !u!1001 &1459324394
PrefabInstance:
  m_ObjectHideFlags: 0
  serializedVersion: 2
  m_Modification:
    m_TransformParent: {fileID: 0}
    m_Modifications:
    - target: {fileID: 8313891094812172401, guid: 987577902728a5246815653b4322c828,
        type: 3}
      propertyPath: m_Name
      value: DeathPlane (3)
      objectReference: {fileID: 0}
    - target: {fileID: 8313891094812172407, guid: 987577902728a5246815653b4322c828,
        type: 3}
      propertyPath: m_LocalPosition.x
      value: 3.2205312
      objectReference: {fileID: 0}
    - target: {fileID: 8313891094812172407, guid: 987577902728a5246815653b4322c828,
        type: 3}
      propertyPath: m_LocalPosition.y
      value: 13.8
      objectReference: {fileID: 0}
    - target: {fileID: 8313891094812172407, guid: 987577902728a5246815653b4322c828,
        type: 3}
      propertyPath: m_LocalPosition.z
      value: 0
      objectReference: {fileID: 0}
    - target: {fileID: 8313891094812172407, guid: 987577902728a5246815653b4322c828,
        type: 3}
      propertyPath: m_LocalRotation.x
      value: 0
      objectReference: {fileID: 0}
    - target: {fileID: 8313891094812172407, guid: 987577902728a5246815653b4322c828,
        type: 3}
      propertyPath: m_LocalRotation.y
      value: 0
      objectReference: {fileID: 0}
    - target: {fileID: 8313891094812172407, guid: 987577902728a5246815653b4322c828,
        type: 3}
      propertyPath: m_LocalRotation.z
      value: 0
      objectReference: {fileID: 0}
    - target: {fileID: 8313891094812172407, guid: 987577902728a5246815653b4322c828,
        type: 3}
      propertyPath: m_LocalRotation.w
      value: 1
      objectReference: {fileID: 0}
    - target: {fileID: 8313891094812172407, guid: 987577902728a5246815653b4322c828,
        type: 3}
      propertyPath: m_RootOrder
      value: 6
      objectReference: {fileID: 0}
    - target: {fileID: 8313891094812172407, guid: 987577902728a5246815653b4322c828,
        type: 3}
      propertyPath: m_LocalEulerAnglesHint.x
      value: 0
      objectReference: {fileID: 0}
    - target: {fileID: 8313891094812172407, guid: 987577902728a5246815653b4322c828,
        type: 3}
      propertyPath: m_LocalEulerAnglesHint.y
      value: 0
      objectReference: {fileID: 0}
    - target: {fileID: 8313891094812172407, guid: 987577902728a5246815653b4322c828,
        type: 3}
      propertyPath: m_LocalEulerAnglesHint.z
      value: 0
      objectReference: {fileID: 0}
    m_RemovedComponents: []
  m_SourcePrefab: {fileID: 100100000, guid: 987577902728a5246815653b4322c828, type: 3}
--- !u!1001 &1561341875
PrefabInstance:
  m_ObjectHideFlags: 0
  serializedVersion: 2
  m_Modification:
    m_TransformParent: {fileID: 0}
    m_Modifications:
    - target: {fileID: 8313891094812172401, guid: 987577902728a5246815653b4322c828,
        type: 3}
      propertyPath: m_Name
      value: DeathPlane (1)
      objectReference: {fileID: 0}
    - target: {fileID: 8313891094812172407, guid: 987577902728a5246815653b4322c828,
        type: 3}
      propertyPath: m_LocalPosition.x
      value: 7.2
      objectReference: {fileID: 0}
    - target: {fileID: 8313891094812172407, guid: 987577902728a5246815653b4322c828,
        type: 3}
      propertyPath: m_LocalPosition.y
      value: 1.9252071
      objectReference: {fileID: 0}
    - target: {fileID: 8313891094812172407, guid: 987577902728a5246815653b4322c828,
        type: 3}
      propertyPath: m_LocalPosition.z
      value: 0
      objectReference: {fileID: 0}
    - target: {fileID: 8313891094812172407, guid: 987577902728a5246815653b4322c828,
        type: 3}
      propertyPath: m_LocalRotation.x
      value: 0
      objectReference: {fileID: 0}
    - target: {fileID: 8313891094812172407, guid: 987577902728a5246815653b4322c828,
        type: 3}
      propertyPath: m_LocalRotation.y
      value: 0
      objectReference: {fileID: 0}
    - target: {fileID: 8313891094812172407, guid: 987577902728a5246815653b4322c828,
        type: 3}
      propertyPath: m_LocalRotation.z
      value: 0.7071068
      objectReference: {fileID: 0}
    - target: {fileID: 8313891094812172407, guid: 987577902728a5246815653b4322c828,
        type: 3}
      propertyPath: m_LocalRotation.w
      value: 0.7071068
      objectReference: {fileID: 0}
    - target: {fileID: 8313891094812172407, guid: 987577902728a5246815653b4322c828,
        type: 3}
      propertyPath: m_RootOrder
      value: 1
      objectReference: {fileID: 0}
    - target: {fileID: 8313891094812172407, guid: 987577902728a5246815653b4322c828,
        type: 3}
      propertyPath: m_LocalEulerAnglesHint.x
      value: 0
      objectReference: {fileID: 0}
    - target: {fileID: 8313891094812172407, guid: 987577902728a5246815653b4322c828,
        type: 3}
      propertyPath: m_LocalEulerAnglesHint.y
      value: 0
      objectReference: {fileID: 0}
    - target: {fileID: 8313891094812172407, guid: 987577902728a5246815653b4322c828,
        type: 3}
      propertyPath: m_LocalEulerAnglesHint.z
      value: 90
      objectReference: {fileID: 0}
    m_RemovedComponents: []
  m_SourcePrefab: {fileID: 100100000, guid: 987577902728a5246815653b4322c828, type: 3}
--- !u!1001 &2033773112
PrefabInstance:
  m_ObjectHideFlags: 0
  serializedVersion: 2
  m_Modification:
    m_TransformParent: {fileID: 0}
    m_Modifications:
    - target: {fileID: 1966902567163653691, guid: 16ea10656cf1c1549a710cf12255ebe0,
        type: 3}
      propertyPath: m_LocalPosition.x
      value: 0.04
      objectReference: {fileID: 0}
    - target: {fileID: 1966902567163653691, guid: 16ea10656cf1c1549a710cf12255ebe0,
        type: 3}
      propertyPath: m_LocalPosition.y
      value: -10.22
      objectReference: {fileID: 0}
    - target: {fileID: 1966902567163653691, guid: 16ea10656cf1c1549a710cf12255ebe0,
        type: 3}
      propertyPath: m_LocalPosition.z
      value: 0
      objectReference: {fileID: 0}
    - target: {fileID: 1966902567163653691, guid: 16ea10656cf1c1549a710cf12255ebe0,
        type: 3}
      propertyPath: m_LocalRotation.x
      value: 0
      objectReference: {fileID: 0}
    - target: {fileID: 1966902567163653691, guid: 16ea10656cf1c1549a710cf12255ebe0,
        type: 3}
      propertyPath: m_LocalRotation.y
      value: 0
      objectReference: {fileID: 0}
    - target: {fileID: 1966902567163653691, guid: 16ea10656cf1c1549a710cf12255ebe0,
        type: 3}
      propertyPath: m_LocalRotation.z
      value: 0
      objectReference: {fileID: 0}
    - target: {fileID: 1966902567163653691, guid: 16ea10656cf1c1549a710cf12255ebe0,
        type: 3}
      propertyPath: m_LocalRotation.w
      value: 1
      objectReference: {fileID: 0}
    - target: {fileID: 1966902567163653691, guid: 16ea10656cf1c1549a710cf12255ebe0,
        type: 3}
      propertyPath: m_RootOrder
      value: 3
      objectReference: {fileID: 0}
    - target: {fileID: 1966902567163653691, guid: 16ea10656cf1c1549a710cf12255ebe0,
        type: 3}
      propertyPath: m_LocalEulerAnglesHint.x
      value: 0
      objectReference: {fileID: 0}
    - target: {fileID: 1966902567163653691, guid: 16ea10656cf1c1549a710cf12255ebe0,
        type: 3}
      propertyPath: m_LocalEulerAnglesHint.y
      value: 0
      objectReference: {fileID: 0}
    - target: {fileID: 1966902567163653691, guid: 16ea10656cf1c1549a710cf12255ebe0,
        type: 3}
      propertyPath: m_LocalEulerAnglesHint.z
      value: 0
      objectReference: {fileID: 0}
    - target: {fileID: 5832141777309001605, guid: 16ea10656cf1c1549a710cf12255ebe0,
        type: 3}
      propertyPath: m_Size.x
      value: 10.086988
      objectReference: {fileID: 0}
    - target: {fileID: 8610744764175613803, guid: 16ea10656cf1c1549a710cf12255ebe0,
        type: 3}
      propertyPath: m_Name
      value: NonStickRhombus
      objectReference: {fileID: 0}
    m_RemovedComponents: []
  m_SourcePrefab: {fileID: 100100000, guid: 16ea10656cf1c1549a710cf12255ebe0, type: 3}
--- !u!114 &2053183029 stripped
MonoBehaviour:
  m_CorrespondingSourceObject: {fileID: 5727839355669282389, guid: ab9e9b129aaae2f4f896daf2098accd1,
    type: 3}
  m_PrefabInstance: {fileID: 544392412}
  m_PrefabAsset: {fileID: 0}
  m_GameObject: {fileID: 0}
  m_Enabled: 1
  m_EditorHideFlags: 0
  m_Script: {fileID: 11500000, guid: 12deefa212f5eb04492fa2236c9e6cad, type: 3}
  m_Name: 
  m_EditorClassIdentifier: 
--- !u!1001 &1576340146580107333
PrefabInstance:
  m_ObjectHideFlags: 0
  serializedVersion: 2
  m_Modification:
    m_TransformParent: {fileID: 1390432552}
    m_Modifications:
    - target: {fileID: 670217126194554013, guid: 47391889fa444fa498b349e4b57b0b83,
        type: 3}
      propertyPath: m_Name
      value: NonStickSpinner
      objectReference: {fileID: 0}
    - target: {fileID: 3513871596795934328, guid: 47391889fa444fa498b349e4b57b0b83,
        type: 3}
      propertyPath: m_Enabled
      value: 1
      objectReference: {fileID: 0}
    - target: {fileID: 7311949307456763341, guid: 47391889fa444fa498b349e4b57b0b83,
        type: 3}
      propertyPath: m_LocalPosition.x
      value: -2.5
      objectReference: {fileID: 0}
    - target: {fileID: 7311949307456763341, guid: 47391889fa444fa498b349e4b57b0b83,
        type: 3}
      propertyPath: m_LocalPosition.y
      value: 1.69
      objectReference: {fileID: 0}
    - target: {fileID: 7311949307456763341, guid: 47391889fa444fa498b349e4b57b0b83,
        type: 3}
      propertyPath: m_LocalPosition.z
      value: 0
      objectReference: {fileID: 0}
    - target: {fileID: 7311949307456763341, guid: 47391889fa444fa498b349e4b57b0b83,
        type: 3}
      propertyPath: m_LocalRotation.x
      value: -0
      objectReference: {fileID: 0}
    - target: {fileID: 7311949307456763341, guid: 47391889fa444fa498b349e4b57b0b83,
        type: 3}
      propertyPath: m_LocalRotation.y
      value: -0
      objectReference: {fileID: 0}
    - target: {fileID: 7311949307456763341, guid: 47391889fa444fa498b349e4b57b0b83,
        type: 3}
      propertyPath: m_LocalRotation.z
      value: -0
      objectReference: {fileID: 0}
    - target: {fileID: 7311949307456763341, guid: 47391889fa444fa498b349e4b57b0b83,
        type: 3}
      propertyPath: m_LocalRotation.w
      value: 1
      objectReference: {fileID: 0}
    - target: {fileID: 7311949307456763341, guid: 47391889fa444fa498b349e4b57b0b83,
        type: 3}
      propertyPath: m_RootOrder
      value: 4
      objectReference: {fileID: 0}
    - target: {fileID: 7311949307456763341, guid: 47391889fa444fa498b349e4b57b0b83,
        type: 3}
      propertyPath: m_LocalEulerAnglesHint.x
      value: 0
      objectReference: {fileID: 0}
    - target: {fileID: 7311949307456763341, guid: 47391889fa444fa498b349e4b57b0b83,
        type: 3}
      propertyPath: m_LocalEulerAnglesHint.y
      value: 0
      objectReference: {fileID: 0}
    - target: {fileID: 7311949307456763341, guid: 47391889fa444fa498b349e4b57b0b83,
        type: 3}
      propertyPath: m_LocalEulerAnglesHint.z
      value: 0
      objectReference: {fileID: 0}
    m_RemovedComponents: []
  m_SourcePrefab: {fileID: 100100000, guid: 47391889fa444fa498b349e4b57b0b83, type: 3}
--- !u!1001 &3958334721102648060
PrefabInstance:
  m_ObjectHideFlags: 0
  serializedVersion: 2
  m_Modification:
    m_TransformParent: {fileID: 1390432552}
    m_Modifications:
    - target: {fileID: 2907573382493447365, guid: f282cde67bc85a04089ec2cd1b95f0a5,
        type: 3}
      propertyPath: m_LocalPosition.x
      value: -2.5
      objectReference: {fileID: 0}
    - target: {fileID: 2907573382493447365, guid: f282cde67bc85a04089ec2cd1b95f0a5,
        type: 3}
      propertyPath: m_LocalPosition.y
      value: -2.89
      objectReference: {fileID: 0}
    - target: {fileID: 2907573382493447365, guid: f282cde67bc85a04089ec2cd1b95f0a5,
        type: 3}
      propertyPath: m_LocalPosition.z
      value: 0
      objectReference: {fileID: 0}
    - target: {fileID: 2907573382493447365, guid: f282cde67bc85a04089ec2cd1b95f0a5,
        type: 3}
      propertyPath: m_LocalRotation.x
      value: -0
      objectReference: {fileID: 0}
    - target: {fileID: 2907573382493447365, guid: f282cde67bc85a04089ec2cd1b95f0a5,
        type: 3}
      propertyPath: m_LocalRotation.y
      value: -0
      objectReference: {fileID: 0}
    - target: {fileID: 2907573382493447365, guid: f282cde67bc85a04089ec2cd1b95f0a5,
        type: 3}
      propertyPath: m_LocalRotation.z
      value: -0
      objectReference: {fileID: 0}
    - target: {fileID: 2907573382493447365, guid: f282cde67bc85a04089ec2cd1b95f0a5,
        type: 3}
      propertyPath: m_LocalRotation.w
      value: 1
      objectReference: {fileID: 0}
    - target: {fileID: 2907573382493447365, guid: f282cde67bc85a04089ec2cd1b95f0a5,
        type: 3}
      propertyPath: m_RootOrder
      value: 2
      objectReference: {fileID: 0}
    - target: {fileID: 2907573382493447365, guid: f282cde67bc85a04089ec2cd1b95f0a5,
        type: 3}
      propertyPath: m_LocalEulerAnglesHint.x
      value: 0
      objectReference: {fileID: 0}
    - target: {fileID: 2907573382493447365, guid: f282cde67bc85a04089ec2cd1b95f0a5,
        type: 3}
      propertyPath: m_LocalEulerAnglesHint.y
      value: 0
      objectReference: {fileID: 0}
    - target: {fileID: 2907573382493447365, guid: f282cde67bc85a04089ec2cd1b95f0a5,
        type: 3}
      propertyPath: m_LocalEulerAnglesHint.z
      value: 0
      objectReference: {fileID: 0}
    - target: {fileID: 3746647223836053369, guid: f282cde67bc85a04089ec2cd1b95f0a5,
        type: 3}
      propertyPath: m_Enabled
      value: 1
      objectReference: {fileID: 0}
    - target: {fileID: 4930759196331029909, guid: f282cde67bc85a04089ec2cd1b95f0a5,
        type: 3}
      propertyPath: m_Name
      value: StickSpinner
      objectReference: {fileID: 0}
    m_RemovedComponents: []
  m_SourcePrefab: {fileID: 100100000, guid: f282cde67bc85a04089ec2cd1b95f0a5, type: 3}
